<?xml version="1.0" encoding="UTF-8"?>
<!DOCTYPE html PUBLIC "-//W3C//DTD XHTML 1.0 Transitional//EN"
    "http://www.w3.org/TR/xhtml1/DTD/xhtml1-transitional.dtd">
<html xmlns="http://www.w3.org/1999/xhtml" xml:lang="en" lang="en">
 <head>
  <title>
</title>
<meta http-equiv="Content-Type" content="text/html;charset=utf-8" />
  <meta name='ocr-system' content='tesseract 3.04.00' />
  <meta name='ocr-capabilities' content='ocr_page ocr_carea ocr_par ocr_line ocrx_word'/>
</head>
<body>
  <div class='ocr_page' id='page_1' title='image "4768537_0014.png"; bbox 0 0 2270 2915; ppageno 0'>
   <div class='ocr_carea' id='block_1_1' title="bbox 1003 128 1287 175">
    <p class='ocr_par' dir='ltr' id='par_1_1' title="bbox 1003 128 1287 175">
     <span class='ocr_line' id='line_1_1' title="bbox 1003 128 1287 175; baseline 0 -12"><span class='ocrx_word' id='word_1_1' title='bbox 1003 128 1287 175; x_wconf 74' lang='grc'><strong>-4-.’</strong></span> 
     </span>
    </p>
   </div>
   <div class='ocr_carea' id='block_1_2' title="bbox 168 253 2072 681">
    <p class='ocr_par' dir='ltr' id='par_1_2' title="bbox 168 253 2072 681">
     <span class='ocr_line' id='line_1_2' title="bbox 214 253 2071 311; baseline -0.001 -10"><span class='ocrx_word' id='word_1_2' title='bbox 214 270 351 302; x_wconf 87' lang='lat' dir='ltr'>temere</span> <span class='ocrx_word' id='word_1_3' title='bbox 387 265 534 308; x_wconf 86' lang='lat' dir='ltr'>exorta,</span> <span class='ocrx_word' id='word_1_4' title='bbox 562 256 650 298; x_wconf 86' lang='lat' dir='ltr'>sed.</span> <span class='ocrx_word' id='word_1_5' title='bbox 677 265 876 311; x_wconf 85' lang='lat' dir='ltr'>provocata</span> <span class='ocrx_word' id='word_1_6' title='bbox 908 270 990 297; x_wconf 90' lang='lat' dir='ltr'>esse</span> <span class='ocrx_word' id='word_1_7' title='bbox 1025 256 1075 296; x_wconf 89' lang='lat' dir='ltr'>ab</span> <span class='ocrx_word' id='word_1_8' title='bbox 1107 254 1318 296; x_wconf 77' lang='lat' dir='ltr'>hominibus</span> <span class='ocrx_word' id='word_1_9' title='bbox 1343 253 1456 309; x_wconf 86' lang='lat' dir='ltr'>ipsis,</span> <span class='ocrx_word' id='word_1_10' title='bbox 1493 254 1559 308; x_wconf 88' lang='lat' dir='ltr'>qui</span> <span class='ocrx_word' id='word_1_11' title='bbox 1584 269 1691 296; x_wconf 89' lang='lat' dir='ltr'>suum</span> <span class='ocrx_word' id='word_1_12' title='bbox 1717 255 1841 310; x_wconf 88' lang='lat' dir='ltr'>potius</span> <span class='ocrx_word' id='word_1_13' title='bbox 1866 257 2071 310; x_wconf 75' lang='lat' dir='ltr'>arbitrium,</span> 
     </span>
     <span class='ocr_line' id='line_1_3' title="bbox 215 316 2072 375; baseline -0.001 -13"><span class='ocrx_word' id='word_1_14' title='bbox 215 336 328 375; x_wconf 88' lang='lat' dir='ltr'>qnam</span> <span class='ocrx_word' id='word_1_15' title='bbox 353 319 546 360; x_wconf 86' lang='lat' dir='ltr'>consilium</span> <span class='ocrx_word' id='word_1_16' title='bbox 574 319 726 359; x_wconf 88' lang='lat' dir='ltr'>deorum</span> <span class='ocrx_word' id='word_1_17' title='bbox 751 318 1010 359; x_wconf 79' lang='lat' dir='ltr'>immortalium</span> <span class='ocrx_word' id='word_1_18' title='bbox 1037 318 1143 370; x_wconf 88' lang='lat' dir='ltr'>sequi</span> <span class='ocrx_word' id='word_1_19' title='bbox 1169 317 1334 365; x_wconf 79' lang='lat' dir='ltr'>mallent,</span> <span class='ocrx_word' id='word_1_20' title='bbox 1360 316 1470 356; x_wconf 81' lang='lat' dir='ltr'>facile</span> <span class='ocrx_word' id='word_1_21' title='bbox 1495 317 1781 370; x_wconf 67' lang='lat' dir='ltr'>perspiciebant,</span> <span class='ocrx_word' id='word_1_22' title='bbox 1808 318 1910 370; x_wconf 88' lang='lat' dir='ltr'>quid,</span> <span class='ocrx_word' id='word_1_23' title='bbox 1937 330 1977 360; x_wconf 89' lang='lat' dir='ltr'>ut</span> <span class='ocrx_word' id='word_1_24' title='bbox 1997 320 2072 375; x_wconf 89' lang='lat' dir='ltr'>ipsi</span> 
     </span>
     <span class='ocr_line' id='line_1_4' title="bbox 214 377 2069 433; baseline 0.001 -11"><span class='ocrx_word' id='word_1_25' title='bbox 214 384 311 429; x_wconf 73' lang='lat' dir='ltr'>bene</span> <span class='ocrx_word' id='word_1_26' title='bbox 335 383 518 433; x_wconf 77' lang='lat' dir='ltr'>beateque</span> <span class='ocrx_word' id='word_1_27' title='bbox 543 381 726 432; x_wconf 84' lang='lat' dir='ltr'>viverent,</span> <span class='ocrx_word' id='word_1_28' title='bbox 764 380 838 421; x_wconf 85' lang='lat' dir='ltr'>sibi</span> <span class='ocrx_word' id='word_1_29' title='bbox 863 379 1066 421; x_wconf 87' lang='lat' dir='ltr'>cavendum</span> <span class='ocrx_word' id='word_1_30' title='bbox 1092 388 1210 430; x_wconf 89' lang='lat' dir='ltr'>esset,</span> <span class='ocrx_word' id='word_1_31' title='bbox 1248 378 1338 431; x_wconf 90' lang='lat' dir='ltr'>quid</span> <span class='ocrx_word' id='word_1_32' title='bbox 1375 377 1616 426; x_wconf 86' lang='lat' dir='ltr'>studendum,</span> <span class='ocrx_word' id='word_1_33' title='bbox 1652 378 1706 419; x_wconf 89' lang='lat' dir='ltr'>ita</span> <span class='ocrx_word' id='word_1_34' title='bbox 1732 388 1800 431; x_wconf 73' lang='lat' dir='ltr'>ut,</span> <span class='ocrx_word' id='word_1_35' title='bbox 1838 380 1966 421; x_wconf 86' lang='lat' dir='ltr'>timore</span> <span class='ocrx_word' id='word_1_36' title='bbox 2002 396 2069 423; x_wconf 88' lang='lat' dir='ltr'>suo</span> 
     </span>
     <span class='ocr_line' id='line_1_5' title="bbox 214 439 2071 496; baseline -0.001 -12"><span class='ocrx_word' id='word_1_37' title='bbox 214 443 346 494; x_wconf 84' lang='lat' dir='ltr'>soluti,</span> <span class='ocrx_word' id='word_1_38' title='bbox 384 442 456 482; x_wconf 87' lang='lat' dir='ltr'>hoc</span> <span class='ocrx_word' id='word_1_39' title='bbox 491 442 565 483; x_wconf 89' lang='lat' dir='ltr'>sibi</span> <span class='ocrx_word' id='word_1_40' title='bbox 600 442 882 496; x_wconf 77' lang='lat' dir='ltr'>persuaderent,</span> <span class='ocrx_word' id='word_1_41' title='bbox 920 441 1087 494; x_wconf 83' lang='lat' dir='ltr'>quamvis</span> <span class='ocrx_word' id='word_1_42' title='bbox 1122 455 1279 494; x_wconf 83' lang='lat' dir='ltr'>magnae</span> <span class='ocrx_word' id='word_1_43' title='bbox 1315 448 1436 480; x_wconf 86' lang='lat' dir='ltr'>essent</span> <span class='ocrx_word' id='word_1_44' title='bbox 1472 439 1716 489; x_wconf 73' lang='lat' dir='ltr'>calamitates,</span> <span class='ocrx_word' id='word_1_45' title='bbox 1754 456 1847 493; x_wconf 90' lang='lat' dir='ltr'>quas</span> <span class='ocrx_word' id='word_1_46' title='bbox 1884 442 1924 482; x_wconf 89' lang='lat' dir='ltr'>in</span> <span class='ocrx_word' id='word_1_47' title='bbox 1959 457 2071 483; x_wconf 86' lang='lat' dir='ltr'>scena</span> 
     </span>
     <span class='ocr_line' id='line_1_6' title="bbox 213 502 2069 559; baseline -0.001 -14"><span class='ocrx_word' id='word_1_48' title='bbox 213 513 427 559; x_wconf 75' lang='lat' dir='ltr'>praesentes</span> <span class='ocrx_word' id='word_1_49' title='bbox 465 512 712 556; x_wconf 83' lang='lat' dir='ltr'>spectassent,</span> <span class='ocrx_word' id='word_1_50' title='bbox 750 512 872 542; x_wconf 89' lang='lat' dir='ltr'>tamen</span> <span class='ocrx_word' id='word_1_51' title='bbox 908 503 1028 542; x_wconf 88' lang='lat' dir='ltr'>maius</span> <span class='ocrx_word' id='word_1_52' title='bbox 1066 503 1177 542; x_wconf 89' lang='lat' dir='ltr'>etiam</span> <span class='ocrx_word' id='word_1_53' title='bbox 1213 502 1351 541; x_wconf 88' lang='lat' dir='ltr'>malum</span> <span class='ocrx_word' id='word_1_54' title='bbox 1377 509 1566 553; x_wconf 87' lang='lat' dir='ltr'>peceatum</span> <span class='ocrx_word' id='word_1_55' title='bbox 1593 516 1694 551; x_wconf 90' lang='lat' dir='ltr'>esse,</span> <span class='ocrx_word' id='word_1_56' title='bbox 1734 517 1806 554; x_wconf 93' lang='lat' dir='ltr'>quo</span> <span class='ocrx_word' id='word_1_57' title='bbox 1831 504 1920 542; x_wconf 90' lang='lat' dir='ltr'>illae</span> <span class='ocrx_word' id='word_1_58' title='bbox 1947 512 2069 543; x_wconf 88' lang='lat' dir='ltr'>tantae</span> 
     </span>
     <span class='ocr_line' id='line_1_7' title="bbox 214 561 2068 616; baseline -0.002 -10"><span class='ocrx_word' id='word_1_59' title='bbox 214 565 444 606; x_wconf 86' lang='lat' dir='ltr'>calamitates</span> <span class='ocrx_word' id='word_1_60' title='bbox 471 573 593 604; x_wconf 88' lang='lat' dir='ltr'>essent</span> <span class='ocrx_word' id='word_1_61' title='bbox 618 564 836 605; x_wconf 85' lang='lat' dir='ltr'>concitatae.</span> <span class='ocrx_word' id='word_1_62' title='bbox 888 567 970 604; x_wconf 85' lang='lat' dir='ltr'>Hoc</span> <span class='ocrx_word' id='word_1_63' title='bbox 995 563 1110 615; x_wconf 85' lang='lat' dir='ltr'>igitur</span> <span class='ocrx_word' id='word_1_64' title='bbox 1135 572 1324 616; x_wconf 90' lang='lat' dir='ltr'>peccatum</span> <span class='ocrx_word' id='word_1_65' title='bbox 1351 562 1460 613; x_wconf 87' lang='lat' dir='ltr'>quale</span> <span class='ocrx_word' id='word_1_66' title='bbox 1485 561 1552 612; x_wconf 88' lang='lat' dir='ltr'>sit,</span> <span class='ocrx_word' id='word_1_67' title='bbox 1578 563 1630 602; x_wconf 86' lang='lat' dir='ltr'>ita</span> <span class='ocrx_word' id='word_1_68' title='bbox 1657 563 1787 603; x_wconf 80' lang='lat' dir='ltr'>docere</span> <span class='ocrx_word' id='word_1_69' title='bbox 1813 564 1991 613; x_wconf 91' lang='lat' dir='ltr'>conabor,</span> <span class='ocrx_word' id='word_1_70' title='bbox 2028 574 2068 604; x_wconf 93' lang='lat' dir='ltr'>ut</span> 
     </span>
     <span class='ocr_line' id='line_1_8' title="bbox 168 618 2067 681; baseline -0.001 -15"><span class='ocrx_word' id='word_1_71' title='bbox 168 618 174 623; x_wconf 54' lang='grc'><strong>’</strong></span> <span class='ocrx_word' id='word_1_72' title='bbox 211 626 385 681; x_wconf 90' lang='lat' dir='ltr'>primum,</span> <span class='ocrx_word' id='word_1_73' title='bbox 412 624 501 677; x_wconf 91' lang='lat' dir='ltr'>quid</span> <span class='ocrx_word' id='word_1_74' title='bbox 528 625 574 663; x_wconf 87' lang='lat' dir='ltr'>de</span> <span class='ocrx_word' id='word_1_75' title='bbox 600 639 747 677; x_wconf 90' lang='lat' dir='ltr'>quaque</span> <span class='ocrx_word' id='word_1_76' title='bbox 774 625 964 677; x_wconf 86' lang='lat' dir='ltr'>tragoedia</span> <span class='ocrx_word' id='word_1_77' title='bbox 990 624 1223 664; x_wconf 87' lang='lat' dir='ltr'>statuendum</span> <span class='ocrx_word' id='word_1_78' title='bbox 1249 623 1430 674; x_wconf 88' lang='lat' dir='ltr'>videatur,</span> <span class='ocrx_word' id='word_1_79' title='bbox 1455 636 1653 676; x_wconf 88' lang='lat' dir='ltr'>exponam,</span> <span class='ocrx_word' id='word_1_80' title='bbox 1681 624 1815 664; x_wconf 92' lang='lat' dir='ltr'>deinde</span> <span class='ocrx_word' id='word_1_81' title='bbox 1837 624 1883 664; x_wconf 92' lang='lat' dir='ltr'>de</span> <span class='ocrx_word' id='word_1_82' title='bbox 1899 624 2067 665; x_wconf 85' lang='lat' dir='ltr'>universa</span> 
     </span>
    </p>
   </div>
   <div class='ocr_carea' id='block_1_3' title="bbox 211 686 1401 743">
    <p class='ocr_par' dir='ltr' id='par_1_3' title="bbox 211 686 1401 743">
     <span class='ocr_line' id='line_1_9' title="bbox 211 686 1401 743; baseline -0.003 -14"><span class='ocrx_word' id='word_1_83' title='bbox 211 687 355 743; x_wconf 88' lang='lat' dir='ltr'>peccati</span> <span class='ocrx_word' id='word_1_84' title='bbox 381 687 419 726; x_wconf 91' lang='lat' dir='ltr'>in</span> <span class='ocrx_word' id='word_1_85' title='bbox 446 686 647 738; x_wconf 85' lang='lat' dir='ltr'>tragoediis</span> <span class='ocrx_word' id='word_1_86' title='bbox 674 686 893 739; x_wconf 87' lang='lat' dir='ltr'>Sophocleis</span> <span class='ocrx_word' id='word_1_87' title='bbox 921 686 958 726; x_wconf 86' lang='lat' dir='ltr'>vi</span> <span class='ocrx_word' id='word_1_88' title='bbox 984 695 1021 726; x_wconf 91' lang='lat' dir='ltr'>et</span> <span class='ocrx_word' id='word_1_89' title='bbox 1046 695 1178 726; x_wconf 85' lang='lat' dir='ltr'>natura</span> <span class='ocrx_word' id='word_1_90' title='bbox 1205 686 1401 739; x_wconf 84' lang='lat' dir='ltr'>disputem.</span> 
     </span>
    </p>
   </div>
   <div class='ocr_carea' id='block_1_4' title="bbox 197 776 2068 1994">
    <p class='ocr_par' dir='ltr' id='par_1_4' title="bbox 197 776 2068 1994">
     <span class='ocr_line' id='line_1_10' title="bbox 314 776 2068 827; baseline 0.001 -9"><span class='ocrx_word' id='word_1_91' title='bbox 314 778 463 819; x_wconf 83' lang='lat' dir='ltr'>Initium</span> <span class='ocrx_word' id='word_1_92' title='bbox 489 778 553 818; x_wconf 87' lang='lat' dir='ltr'>fiet</span> <span class='ocrx_word' id='word_1_93' title='bbox 580 779 627 818; x_wconf 87' lang='lat' dir='ltr'>ab</span> <span class='ocrx_word' id='word_1_94' title='bbox 653 778 797 819; x_wconf 83' lang='lat' dir='ltr'>Aiace.</span> <span class='ocrx_word' id='word_1_95' title='bbox 864 781 987 827; x_wconf 80' lang='lat' dir='ltr'>Quum</span> <span class='ocrx_word' id='word_1_96' title='bbox 1026 778 1192 818; x_wconf 83' lang='lat' dir='ltr'>Achilles</span> <span class='ocrx_word' id='word_1_97' title='bbox 1228 786 1390 818; x_wconf 88' lang='lat' dir='ltr'>mortuus</span> <span class='ocrx_word' id='word_1_98' title='bbox 1417 785 1531 827; x_wconf 89' lang='lat' dir='ltr'>esset,</span> <span class='ocrx_word' id='word_1_99' title='bbox 1569 776 1615 816; x_wconf 90' lang='lat' dir='ltr'>de</span> <span class='ocrx_word' id='word_1_100' title='bbox 1641 776 1753 817; x_wconf 87' lang='lat' dir='ltr'>armis</span> <span class='ocrx_word' id='word_1_101' title='bbox 1780 776 1859 818; x_wconf 90' lang='lat' dir='ltr'>eius</span> <span class='ocrx_word' id='word_1_102' title='bbox 1886 787 2068 819; x_wconf 88' lang='lat' dir='ltr'>certamen</span> 
     </span>
     <span class='ocr_line' id='line_1_11' title="bbox 209 838 2067 891; baseline -0.002 -9"><span class='ocrx_word' id='word_1_103' title='bbox 209 841 416 882; x_wconf 89' lang='lat' dir='ltr'>institutum</span> <span class='ocrx_word' id='word_1_104' title='bbox 450 848 518 880; x_wconf 84' lang='lat' dir='ltr'>est.</span> <span class='ocrx_word' id='word_1_105' title='bbox 583 839 738 878; x_wconf 85' lang='lat' dir='ltr'>Tradita</span> <span class='ocrx_word' id='word_1_106' title='bbox 765 848 849 878; x_wconf 90' lang='lat' dir='ltr'>sunt</span> <span class='ocrx_word' id='word_1_107' title='bbox 874 840 992 880; x_wconf 87' lang='lat' dir='ltr'>Ulixi.</span> <span class='ocrx_word' id='word_1_108' title='bbox 1059 843 1180 888; x_wconf 79' lang='lat' dir='ltr'>Quam</span> <span class='ocrx_word' id='word_1_109' title='bbox 1207 854 1283 878; x_wconf 87' lang='lat' dir='ltr'>rem</span> <span class='ocrx_word' id='word_1_110' title='bbox 1310 839 1427 889; x_wconf 82' lang='lat' dir='ltr'>Aiax,</span> <span class='ocrx_word' id='word_1_111' title='bbox 1466 838 1679 878; x_wconf 89' lang='lat' dir='ltr'>Telamonis</span> <span class='ocrx_word' id='word_1_112' title='bbox 1716 838 1835 890; x_wconf 87' lang='lat' dir='ltr'>filius,</span> <span class='ocrx_word' id='word_1_113' title='bbox 1872 840 1935 891; x_wconf 91' lang='lat' dir='ltr'>qui</span> <span class='ocrx_word' id='word_1_114' title='bbox 1972 854 2067 880; x_wconf 90' lang='lat' dir='ltr'>unus</span> 
     </span>
     <span class='ocr_line' id='line_1_12' title="bbox 211 899 2067 953; baseline -0.001 -11"><span class='ocrx_word' id='word_1_115' title='bbox 211 902 373 942; x_wconf 89' lang='lat' dir='ltr'>omnium</span> <span class='ocrx_word' id='word_1_116' title='bbox 400 901 598 941; x_wconf 90' lang='lat' dir='ltr'>secundum</span> <span class='ocrx_word' id='word_1_117' title='bbox 627 901 811 940; x_wconf 85' lang='lat' dir='ltr'>Achillem</span> <span class='ocrx_word' id='word_1_118' title='bbox 837 916 984 953; x_wconf 87' lang='lat' dir='ltr'>semper</span> <span class='ocrx_word' id='word_1_119' title='bbox 1010 901 1228 940; x_wconf 75' lang='lat' dir='ltr'>fortissimus</span> <span class='ocrx_word' id='word_1_120' title='bbox 1261 908 1297 939; x_wconf 92' lang='lat' dir='ltr'>et</span> <span class='ocrx_word' id='word_1_121' title='bbox 1322 899 1452 939; x_wconf 78' lang='lat' dir='ltr'>suisset</span> <span class='ocrx_word' id='word_1_122' title='bbox 1477 909 1513 939; x_wconf 88' lang='lat' dir='ltr'>et</span> <span class='ocrx_word' id='word_1_123' title='bbox 1538 899 1687 940; x_wconf 86' lang='lat' dir='ltr'>habitus</span> <span class='ocrx_word' id='word_1_124' title='bbox 1713 910 1827 951; x_wconf 86' lang='lat' dir='ltr'>esset,</span> <span class='ocrx_word' id='word_1_125' title='bbox 1865 901 2067 953; x_wconf 84' lang='lat' dir='ltr'>aegerrime</span> 
     </span>
     <span class='ocr_line' id='line_1_13' title="bbox 209 960 2065 1015; baseline -0.001 -13"><span class='ocrx_word' id='word_1_126' title='bbox 209 963 306 1005; x_wconf 86' lang='lat' dir='ltr'>tulit.</span> <span class='ocrx_word' id='word_1_127' title='bbox 360 962 521 1001; x_wconf 79' lang='lat' dir='ltr'>Iniuriae</span> <span class='ocrx_word' id='word_1_128' title='bbox 548 960 620 1000; x_wconf 90' lang='lat' dir='ltr'>sibi</span> <span class='ocrx_word' id='word_1_129' title='bbox 646 961 775 999; x_wconf 87' lang='lat' dir='ltr'>illatae</span> <span class='ocrx_word' id='word_1_130' title='bbox 801 971 842 1009; x_wconf 23' lang='lat' dir='ltr'>ult</span> <span class='ocrx_word' id='word_1_131' title='bbox 867 975 1008 1015; x_wconf 86' lang='lat' dir='ltr'>poenas</span> <span class='ocrx_word' id='word_1_132' title='bbox 1034 970 1232 1014; x_wconf 87' lang='lat' dir='ltr'>repeteret,</span> <span class='ocrx_word' id='word_1_133' title='bbox 1269 960 1419 999; x_wconf 84' lang='lat' dir='ltr'>Ulixem</span> <span class='ocrx_word' id='word_1_134' title='bbox 1451 969 1488 999; x_wconf 88' lang='lat' dir='ltr'>et</span> <span class='ocrx_word' id='word_1_135' title='bbox 1514 960 1663 1001; x_wconf 80' lang='lat' dir='ltr'>Atridas</span> <span class='ocrx_word' id='word_1_136' title='bbox 1688 960 1959 1000; x_wconf 82' lang='lat' dir='ltr'>interficiendos</span> <span class='ocrx_word' id='word_1_137' title='bbox 1985 976 2065 1001; x_wconf 88' lang='lat' dir='ltr'>esse</span> 
     </span>
     <span class='ocr_line' id='line_1_14' title="bbox 207 1020 2065 1078; baseline -0.001 -13"><span class='ocrx_word' id='word_1_138' title='bbox 207 1023 347 1065; x_wconf 84' lang='lat' dir='ltr'>statuit.</span> <span class='ocrx_word' id='word_1_139' title='bbox 412 1026 541 1074; x_wconf 89' lang='lat' dir='ltr'>ltaque</span> <span class='ocrx_word' id='word_1_140' title='bbox 578 1031 686 1061; x_wconf 88' lang='lat' dir='ltr'>noctu</span> <span class='ocrx_word' id='word_1_141' title='bbox 714 1021 870 1062; x_wconf 90' lang='lat' dir='ltr'>tentorio</span> <span class='ocrx_word' id='word_1_142' title='bbox 898 1022 1087 1074; x_wconf 78' lang='lat' dir='ltr'>egressus,</span> <span class='ocrx_word' id='word_1_143' title='bbox 1125 1037 1237 1078; x_wconf 90' lang='lat' dir='ltr'>quum</span> <span class='ocrx_word' id='word_1_144' title='bbox 1263 1021 1345 1074; x_wconf 18' lang='lat' dir='ltr'>iam*</span> <span class='ocrx_word' id='word_1_145' title='bbox 1376 1021 1424 1062; x_wconf 89' lang='lat' dir='ltr'>ad</span> <span class='ocrx_word' id='word_1_146' title='bbox 1451 1021 1554 1075; x_wconf 90' lang='lat' dir='ltr'>ipsos</span> <span class='ocrx_word' id='word_1_147' title='bbox 1579 1020 1747 1062; x_wconf 85' lang='lat' dir='ltr'>inimicos</span> <span class='ocrx_word' id='word_1_148' title='bbox 1772 1035 1890 1075; x_wconf 90' lang='lat' dir='ltr'>paene</span> <span class='ocrx_word' id='word_1_149' title='bbox 1916 1038 2065 1076; x_wconf 88' lang='lat' dir='ltr'>proces-</span> 
     </span>
     <span class='ocr_line' id='line_1_15' title="bbox 206 1075 2062 1137; baseline 0 -13"><span class='ocrx_word' id='word_1_150' title='bbox 206 1085 327 1134; x_wconf 87' lang='lat' dir='ltr'>sisset,</span> <span class='ocrx_word' id='word_1_151' title='bbox 355 1084 393 1123; x_wconf 89' lang='lat' dir='ltr'>in</span> <span class='ocrx_word' id='word_1_152' title='bbox 420 1075 577 1124; x_wconf 79' lang='lat' dir='ltr'>furorem</span> <span class='ocrx_word' id='word_1_153' title='bbox 593 1096 799 1133; x_wconf 85' lang='lat' dir='ltr'>conversus,</span> <span class='ocrx_word' id='word_1_154' title='bbox 826 1083 1051 1136; x_wconf 89' lang='lat' dir='ltr'>aproposito</span> <span class='ocrx_word' id='word_1_155' title='bbox 1066 1082 1262 1122; x_wconf 86' lang='lat' dir='ltr'>aberravit.</span> <span class='ocrx_word' id='word_1_156' title='bbox 1315 1082 1505 1122; x_wconf 90' lang='lat' dir='ltr'>Deductus</span> <span class='ocrx_word' id='word_1_157' title='bbox 1519 1091 1575 1122; x_wconf 86' lang='lat' dir='ltr'>est</span> <span class='ocrx_word' id='word_1_158' title='bbox 1593 1083 1631 1121; x_wconf 89' lang='lat' dir='ltr'>in</span> <span class='ocrx_word' id='word_1_159' title='bbox 1645 1085 1800 1136; x_wconf 86' lang='lat' dir='ltr'>pascua,</span> <span class='ocrx_word' id='word_1_160' title='bbox 1823 1084 1887 1123; x_wconf 89' lang='lat' dir='ltr'>ubi</span> <span class='ocrx_word' id='word_1_161' title='bbox 1903 1085 2062 1137; x_wconf 87' lang='lat' dir='ltr'>pecudes</span> 
     </span>
     <span class='ocr_line' id='line_1_16' title="bbox 206 1143 2064 1197; baseline -0.001 -9"><span class='ocrx_word' id='word_1_162' title='bbox 206 1156 242 1188; x_wconf 90' lang='lat' dir='ltr'>et</span> <span class='ocrx_word' id='word_1_163' title='bbox 255 1154 432 1194; x_wconf 86' lang='lat' dir='ltr'>armenta,</span> <span class='ocrx_word' id='word_1_164' title='bbox 459 1158 555 1196; x_wconf 91' lang='lat' dir='ltr'>quae</span> <span class='ocrx_word' id='word_1_165' title='bbox 570 1144 706 1184; x_wconf 88' lang='lat' dir='ltr'>Graeci</span> <span class='ocrx_word' id='word_1_166' title='bbox 730 1144 893 1197; x_wconf 87' lang='lat' dir='ltr'>praedae</span> <span class='ocrx_word' id='word_1_167' title='bbox 920 1144 1067 1183; x_wconf 90' lang='lat' dir='ltr'>nomine</span> <span class='ocrx_word' id='word_1_168' title='bbox 1094 1144 1227 1183; x_wconf 87' lang='lat' dir='ltr'>abacta</span> <span class='ocrx_word' id='word_1_169' title='bbox 1253 1143 1519 1195; x_wconf 88' lang='lat' dir='ltr'>custodiebant,</span> <span class='ocrx_word' id='word_1_170' title='bbox 1546 1159 1619 1183; x_wconf 92' lang='lat' dir='ltr'>non</span> <span class='ocrx_word' id='word_1_171' title='bbox 1645 1144 1769 1195; x_wconf 89' lang='lat' dir='ltr'>aliter,</span> <span class='ocrx_word' id='word_1_172' title='bbox 1796 1158 1839 1184; x_wconf 89' lang='lat' dir='ltr'>ac</span> <span class='ocrx_word' id='word_1_173' title='bbox 1854 1145 1937 1185; x_wconf 89' lang='lat' dir='ltr'>siin</span> <span class='ocrx_word' id='word_1_174' title='bbox 1952 1146 2064 1186; x_wconf 88' lang='lat' dir='ltr'>caede</span> 
     </span>
     <span class='ocr_line' id='line_1_17' title="bbox 205 1196 2063 1258; baseline 0.001 -12"><span class='ocrx_word' id='word_1_175' title='bbox 205 1196 540 1246; x_wconf 86' lang='lat' dir='ltr'>inimicissimorum</span> <span class='ocrx_word' id='word_1_176' title='bbox 568 1220 715 1244; x_wconf 88' lang='lat' dir='ltr'>suorum</span> <span class='ocrx_word' id='word_1_177' title='bbox 744 1215 970 1251; x_wconf 84' lang='lat' dir='ltr'>versaretur,</span> <span class='ocrx_word' id='word_1_178' title='bbox 1008 1204 1142 1257; x_wconf 91' lang='lat' dir='ltr'>partim</span> <span class='ocrx_word' id='word_1_179' title='bbox 1180 1204 1394 1251; x_wconf 86' lang='lat' dir='ltr'>trucidavit,</span> <span class='ocrx_word' id='word_1_180' title='bbox 1433 1206 1566 1258; x_wconf 86' lang='lat' dir='ltr'>partim</span> <span class='ocrx_word' id='word_1_181' title='bbox 1592 1206 1748 1245; x_wconf 87' lang='lat' dir='ltr'>vinculis</span> <span class='ocrx_word' id='word_1_182' title='bbox 1775 1207 1968 1246; x_wconf 87' lang='lat' dir='ltr'>constricta</span> <span class='ocrx_word' id='word_1_183' title='bbox 1995 1208 2063 1247; x_wconf 92' lang='lat' dir='ltr'>do-</span> 
     </span>
     <span class='ocr_line' id='line_1_18' title="bbox 204 1265 2062 1319; baseline -0.001 -10"><span class='ocrx_word' id='word_1_184' title='bbox 204 1282 303 1309; x_wconf 89' lang='lat' dir='ltr'>mum</span> <span class='ocrx_word' id='word_1_185' title='bbox 330 1266 501 1307; x_wconf 85' lang='lat' dir='ltr'>abduxit.</span> <span class='ocrx_word' id='word_1_186' title='bbox 556 1267 631 1305; x_wconf 87' lang='lat' dir='ltr'>Sed</span> <span class='ocrx_word' id='word_1_187' title='bbox 660 1281 733 1306; x_wconf 93' lang='lat' dir='ltr'>non</span> <span class='ocrx_word' id='word_1_188' title='bbox 760 1265 812 1305; x_wconf 89' lang='lat' dir='ltr'>ita</span> <span class='ocrx_word' id='word_1_189' title='bbox 840 1265 954 1305; x_wconf 89' lang='lat' dir='ltr'>multo</span> <span class='ocrx_word' id='word_1_190' title='bbox 983 1275 1085 1319; x_wconf 89' lang='lat' dir='ltr'>post,</span> <span class='ocrx_word' id='word_1_191' title='bbox 1113 1266 1235 1305; x_wconf 82' lang='lat' dir='ltr'>surore</span> <span class='ocrx_word' id='word_1_192' title='bbox 1261 1266 1409 1317; x_wconf 91' lang='lat' dir='ltr'>sedato,</span> <span class='ocrx_word' id='word_1_193' title='bbox 1447 1265 1487 1305; x_wconf 89' lang='lat' dir='ltr'>in</span> <span class='ocrx_word' id='word_1_194' title='bbox 1513 1277 1687 1319; x_wconf 89' lang='lat' dir='ltr'>quantam</span> <span class='ocrx_word' id='word_1_195' title='bbox 1714 1267 1891 1307; x_wconf 89' lang='lat' dir='ltr'>malorum</span> <span class='ocrx_word' id='word_1_196' title='bbox 1919 1269 2062 1309; x_wconf 88' lang='lat' dir='ltr'>acerbi-</span> 
     </span>
     <span class='ocr_line' id='line_1_19' title="bbox 205 1327 2062 1380; baseline 0 -10"><span class='ocrx_word' id='word_1_197' title='bbox 205 1339 315 1371; x_wconf 85' lang='lat' dir='ltr'>tatem</span> <span class='ocrx_word' id='word_1_198' title='bbox 342 1329 530 1378; x_wconf 84' lang='lat' dir='ltr'>irruisset,</span> <span class='ocrx_word' id='word_1_199' title='bbox 558 1328 754 1369; x_wconf 83' lang='lat' dir='ltr'>intellexit.</span> <span class='ocrx_word' id='word_1_200' title='bbox 807 1331 853 1368; x_wconf 81' lang='lat' dir='ltr'>Et</span> <span class='ocrx_word' id='word_1_201' title='bbox 879 1327 1109 1367; x_wconf 86' lang='lat' dir='ltr'>inimicorum</span> <span class='ocrx_word' id='word_1_202' title='bbox 1136 1327 1360 1378; x_wconf 85' lang='lat' dir='ltr'>irrisionem,</span> <span class='ocrx_word' id='word_1_203' title='bbox 1388 1342 1483 1380; x_wconf 90' lang='lat' dir='ltr'>quae</span> <span class='ocrx_word' id='word_1_204' title='bbox 1511 1337 1647 1380; x_wconf 88' lang='lat' dir='ltr'>quanta</span> <span class='ocrx_word' id='word_1_205' title='bbox 1673 1329 1795 1368; x_wconf 85' lang='lat' dir='ltr'>sutura</span> <span class='ocrx_word' id='word_1_206' title='bbox 1824 1339 1937 1380; x_wconf 91' lang='lat' dir='ltr'>esset,</span> <span class='ocrx_word' id='word_1_207' title='bbox 1965 1345 2062 1370; x_wconf 89' lang='lat' dir='ltr'>sem-</span> 
     </span>
     <span class='ocr_line' id='line_1_20' title="bbox 203 1389 2061 1446; baseline 0.001 -15"><span class='ocrx_word' id='word_1_208' title='bbox 203 1406 270 1445; x_wconf 90' lang='lat' dir='ltr'>per</span> <span class='ocrx_word' id='word_1_209' title='bbox 297 1390 502 1442; x_wconf 88' lang='lat' dir='ltr'>cogitabat,</span> <span class='ocrx_word' id='word_1_210' title='bbox 543 1389 713 1441; x_wconf 70' lang='lat' dir='ltr'>veritus„</span> <span class='ocrx_word' id='word_1_211' title='bbox 736 1399 772 1429; x_wconf 90' lang='lat' dir='ltr'>et</span> <span class='ocrx_word' id='word_1_212' title='bbox 799 1389 968 1437; x_wconf 88' lang='lat' dir='ltr'>deorum,</span> <span class='ocrx_word' id='word_1_213' title='bbox 1007 1389 1141 1441; x_wconf 86' lang='lat' dir='ltr'>quibus</span> <span class='ocrx_word' id='word_1_214' title='bbox 1168 1403 1209 1428; x_wconf 86' lang='lat' dir='ltr'>se</span> <span class='ocrx_word' id='word_1_215' title='bbox 1234 1389 1392 1429; x_wconf 87' lang='lat' dir='ltr'>invisum</span> <span class='ocrx_word' id='word_1_216' title='bbox 1419 1404 1499 1429; x_wconf 89' lang='lat' dir='ltr'>esse</span> <span class='ocrx_word' id='word_1_217' title='bbox 1525 1389 1725 1437; x_wconf 86' lang='lat' dir='ltr'>sentiebat,</span> <span class='ocrx_word' id='word_1_218' title='bbox 1759 1390 1899 1430; x_wconf 86' lang='lat' dir='ltr'>auxilio</span> <span class='ocrx_word' id='word_1_219' title='bbox 1927 1391 2061 1446; x_wconf 90' lang='lat' dir='ltr'>despe-</span> 
     </span>
     <span class='ocr_line' id='line_1_21' title="bbox 202 1451 2061 1505; baseline 0.001 -13"><span class='ocrx_word' id='word_1_220' title='bbox 202 1462 301 1502; x_wconf 88' lang='lat' dir='ltr'>rato,</span> <span class='ocrx_word' id='word_1_221' title='bbox 338 1466 458 1502; x_wconf 89' lang='lat' dir='ltr'>neque</span> <span class='ocrx_word' id='word_1_222' title='bbox 499 1451 751 1491; x_wconf 84' lang='lat' dir='ltr'>blandissimis</span> <span class='ocrx_word' id='word_1_223' title='bbox 789 1451 937 1491; x_wconf 85' lang='lat' dir='ltr'>suorum</span> <span class='ocrx_word' id='word_1_224' title='bbox 976 1452 1175 1490; x_wconf 89' lang='lat' dir='ltr'>amicorum</span> <span class='ocrx_word' id='word_1_225' title='bbox 1215 1460 1250 1489; x_wconf 93' lang='lat' dir='ltr'>et</span> <span class='ocrx_word' id='word_1_226' title='bbox 1288 1454 1527 1499; x_wconf 88' lang='lat' dir='ltr'>Tecmessae,</span> <span class='ocrx_word' id='word_1_227' title='bbox 1567 1465 1662 1502; x_wconf 90' lang='lat' dir='ltr'>quae</span> <span class='ocrx_word' id='word_1_228' title='bbox 1688 1451 1834 1504; x_wconf 85' lang='lat' dir='ltr'>captiva</span> <span class='ocrx_word' id='word_1_229' title='bbox 1860 1453 2061 1505; x_wconf 87' lang='lat' dir='ltr'>eademque</span> 
     </span>
     <span class='ocr_line' id='line_1_22' title="bbox 201 1511 2058 1565; baseline 0.001 -13"><span class='ocrx_word' id='word_1_230' title='bbox 201 1528 296 1553; x_wconf 89' lang='lat' dir='ltr'>uxor</span> <span class='ocrx_word' id='word_1_231' title='bbox 326 1512 448 1551; x_wconf 84' lang='lat' dir='ltr'>Aiacis</span> <span class='ocrx_word' id='word_1_232' title='bbox 475 1521 571 1558; x_wconf 86' lang='lat' dir='ltr'>erat,</span> <span class='ocrx_word' id='word_1_233' title='bbox 606 1512 778 1564; x_wconf 83' lang='lat' dir='ltr'>precibus</span> <span class='ocrx_word' id='word_1_234' title='bbox 805 1511 1197 1563; x_wconf 76' lang='lat' dir='ltr'>adltortationibusque</span> <span class='ocrx_word' id='word_1_235' title='bbox 1224 1521 1441 1562; x_wconf 84' lang='lat' dir='ltr'>commotus,</span> <span class='ocrx_word' id='word_1_236' title='bbox 1469 1512 1646 1565; x_wconf 90' lang='lat' dir='ltr'>optimum</span> <span class='ocrx_word' id='word_1_237' title='bbox 1675 1527 1755 1552; x_wconf 89' lang='lat' dir='ltr'>esse</span> <span class='ocrx_word' id='word_1_238' title='bbox 1782 1522 1901 1560; x_wconf 86' lang='lat' dir='ltr'>ratus,</span> <span class='ocrx_word' id='word_1_239' title='bbox 1929 1529 1976 1552; x_wconf 89' lang='lat' dir='ltr'>ex</span> <span class='ocrx_word' id='word_1_240' title='bbox 2002 1515 2058 1553; x_wconf 92' lang='lat' dir='ltr'>vi-</span> 
     </span>
     <span class='ocr_line' id='line_1_23' title="bbox 202 1573 2058 1626; baseline 0.001 -13"><span class='ocrx_word' id='word_1_241' title='bbox 202 1574 258 1614; x_wconf 89' lang='lat' dir='ltr'>vis</span> <span class='ocrx_word' id='word_1_242' title='bbox 285 1573 478 1622; x_wconf 87' lang='lat' dir='ltr'>excedere,</span> <span class='ocrx_word' id='word_1_243' title='bbox 506 1583 699 1625; x_wconf 85' lang='lat' dir='ltr'>postquam</span> <span class='ocrx_word' id='word_1_244' title='bbox 728 1573 883 1622; x_wconf 86' lang='lat' dir='ltr'>amicos,</span> <span class='ocrx_word' id='word_1_245' title='bbox 912 1573 975 1625; x_wconf 91' lang='lat' dir='ltr'>qui</span> <span class='ocrx_word' id='word_1_246' title='bbox 1002 1588 1084 1612; x_wconf 91' lang='lat' dir='ltr'>eum</span> <span class='ocrx_word' id='word_1_247' title='bbox 1113 1573 1268 1612; x_wconf 86' lang='lat' dir='ltr'>retinere</span> <span class='ocrx_word' id='word_1_248' title='bbox 1294 1573 1500 1623; x_wconf 88' lang='lat' dir='ltr'>studerent,</span> <span class='ocrx_word' id='word_1_249' title='bbox 1528 1573 1678 1623; x_wconf 76' lang='lat' dir='ltr'>fefellit,</span> <span class='ocrx_word' id='word_1_250' title='bbox 1706 1573 1787 1626; x_wconf 89' lang='lat' dir='ltr'>ipse</span> <span class='ocrx_word' id='word_1_251' title='bbox 1813 1575 1885 1614; x_wconf 85' lang='lat' dir='ltr'>sibi</span> <span class='ocrx_word' id='word_1_252' title='bbox 1912 1589 2058 1614; x_wconf 89' lang='lat' dir='ltr'>manum</span> 
     </span>
     <span class='ocr_line' id='line_1_24' title="bbox 199 1634 2058 1687; baseline 0 -12"><span class='ocrx_word' id='word_1_253' title='bbox 199 1636 336 1675; x_wconf 86' lang='lat' dir='ltr'>intulit.</span> <span class='ocrx_word' id='word_1_254' title='bbox 402 1637 599 1673; x_wconf 88' lang='lat' dir='ltr'>Tecmessa</span> <span class='ocrx_word' id='word_1_255' title='bbox 636 1634 754 1687; x_wconf 89' lang='lat' dir='ltr'>prima</span> <span class='ocrx_word' id='word_1_256' title='bbox 792 1634 950 1674; x_wconf 88' lang='lat' dir='ltr'>occisum</span> <span class='ocrx_word' id='word_1_257' title='bbox 988 1634 1157 1673; x_wconf 87' lang='lat' dir='ltr'>maritum</span> <span class='ocrx_word' id='word_1_258' title='bbox 1194 1634 1346 1674; x_wconf 84' lang='lat' dir='ltr'>invenit.</span> <span class='ocrx_word' id='word_1_259' title='bbox 1409 1634 1572 1673; x_wconf 85' lang='lat' dir='ltr'>Ploranti</span> <span class='ocrx_word' id='word_1_260' title='bbox 1609 1643 1646 1673; x_wconf 89' lang='lat' dir='ltr'>et</span> <span class='ocrx_word' id='word_1_261' title='bbox 1671 1634 1797 1674; x_wconf 86' lang='lat' dir='ltr'>Aiacis</span> <span class='ocrx_word' id='word_1_262' title='bbox 1831 1645 1866 1674; x_wconf 91' lang='lat' dir='ltr'>et</span> <span class='ocrx_word' id='word_1_263' title='bbox 1891 1651 1994 1675; x_wconf 89' lang='lat' dir='ltr'>suam</span> <span class='ocrx_word' id='word_1_264' title='bbox 2023 1647 2058 1676; x_wconf 89' lang='lat' dir='ltr'>et</span> 
     </span>
     <span class='ocr_line' id='line_1_25' title="bbox 199 1694 2058 1749; baseline 0.001 -14"><span class='ocrx_word' id='word_1_265' title='bbox 199 1697 307 1736; x_wconf 89' lang='lat' dir='ltr'>filioli</span> <span class='ocrx_word' id='word_1_266' title='bbox 343 1695 544 1749; x_wconf 84' lang='lat' dir='ltr'>Eurysacis</span> <span class='ocrx_word' id='word_1_267' title='bbox 583 1696 765 1733; x_wconf 81' lang='lat' dir='ltr'>fortunam</span> <span class='ocrx_word' id='word_1_268' title='bbox 803 1695 1077 1734; x_wconf 83' lang='lat' dir='ltr'>acerbissimam</span> <span class='ocrx_word' id='word_1_269' title='bbox 1114 1695 1293 1733; x_wconf 85' lang='lat' dir='ltr'>classiarii</span> <span class='ocrx_word' id='word_1_270' title='bbox 1329 1694 1455 1733; x_wconf 88' lang='lat' dir='ltr'>Aiacis</span> <span class='ocrx_word' id='word_1_271' title='bbox 1491 1695 1638 1735; x_wconf 88' lang='lat' dir='ltr'>adsunt.</span> <span class='ocrx_word' id='word_1_272' title='bbox 1710 1696 1880 1746; x_wconf 87' lang='lat' dir='ltr'>Denique</span> <span class='ocrx_word' id='word_1_273' title='bbox 1917 1701 2058 1736; x_wconf 87' lang='lat' dir='ltr'>Teucer</span> 
     </span>
     <span class='ocr_line' id='line_1_26' title="bbox 199 1755 2057 1810; baseline 0.001 -14"><span class='ocrx_word' id='word_1_274' title='bbox 199 1757 311 1805; x_wconf 85' lang='lat' dir='ltr'>venit,</span> <span class='ocrx_word' id='word_1_275' title='bbox 340 1756 422 1807; x_wconf 88' lang='lat' dir='ltr'>qui,</span> <span class='ocrx_word' id='word_1_276' title='bbox 450 1769 562 1806; x_wconf 88' lang='lat' dir='ltr'>quum</span> <span class='ocrx_word' id='word_1_277' title='bbox 590 1755 863 1808; x_wconf 85' lang='lat' dir='ltr'>expeditionem</span> <span class='ocrx_word' id='word_1_278' title='bbox 891 1764 1015 1794; x_wconf 85' lang='lat' dir='ltr'>contra</span> <span class='ocrx_word' id='word_1_279' title='bbox 1043 1758 1170 1808; x_wconf 82' lang='lat' dir='ltr'>Mysos</span> <span class='ocrx_word' id='word_1_280' title='bbox 1197 1755 1367 1801; x_wconf 86' lang='lat' dir='ltr'>haberet,</span> <span class='ocrx_word' id='word_1_281' title='bbox 1395 1755 1574 1794; x_wconf 79' lang='lat' dir='ltr'>abfuerat.</span> <span class='ocrx_word' id='word_1_282' title='bbox 1628 1758 1663 1794; x_wconf 81' lang='lat' dir='ltr'>Is</span> <span class='ocrx_word' id='word_1_283' title='bbox 1691 1755 1836 1794; x_wconf 77' lang='lat' dir='ltr'>fratrem</span> <span class='ocrx_word' id='word_1_284' title='bbox 1864 1767 2057 1810; x_wconf 83' lang='lat' dir='ltr'>postquam</span> 
     </span>
     <span class='ocr_line' id='line_1_27' title="bbox 199 1816 2056 1870; baseline 0.001 -13"><span class='ocrx_word' id='word_1_285' title='bbox 199 1816 460 1870; x_wconf 86' lang='lat' dir='ltr'>amantissimis</span> <span class='ocrx_word' id='word_1_286' title='bbox 496 1816 656 1866; x_wconf 86' lang='lat' dir='ltr'>querelis</span> <span class='ocrx_word' id='word_1_287' title='bbox 693 1817 888 1868; x_wconf 89' lang='lat' dir='ltr'>amplexus</span> <span class='ocrx_word' id='word_1_288' title='bbox 925 1825 999 1866; x_wconf 89' lang='lat' dir='ltr'>est,</span> <span class='ocrx_word' id='word_1_289' title='bbox 1034 1816 1130 1854; x_wconf 85' lang='lat' dir='ltr'>iusto</span> <span class='ocrx_word' id='word_1_290' title='bbox 1167 1816 1294 1854; x_wconf 88' lang='lat' dir='ltr'>sunere</span> <span class='ocrx_word' id='word_1_291' title='bbox 1331 1816 1461 1855; x_wconf 79' lang='lat' dir='ltr'>efferre</span> <span class='ocrx_word' id='word_1_292' title='bbox 1496 1816 1664 1856; x_wconf 82' lang='lat' dir='ltr'>instituit.</span> <span class='ocrx_word' id='word_1_293' title='bbox 1727 1818 1836 1865; x_wconf 82' lang='lat' dir='ltr'>Quod</span> <span class='ocrx_word' id='word_1_294' title='bbox 1864 1820 2056 1869; x_wconf 88' lang='lat' dir='ltr'>quominus</span> 
     </span>
     <span class='ocr_line' id='line_1_28' title="bbox 197 1876 2055 1930; baseline 0.002 -12"><span class='ocrx_word' id='word_1_295' title='bbox 197 1878 318 1929; x_wconf 86' lang='lat' dir='ltr'>fieret,</span> <span class='ocrx_word' id='word_1_296' title='bbox 356 1878 511 1930; x_wconf 88' lang='lat' dir='ltr'>primum</span> <span class='ocrx_word' id='word_1_297' title='bbox 541 1877 753 1930; x_wconf 87' lang='lat' dir='ltr'>Menelaus,</span> <span class='ocrx_word' id='word_1_298' title='bbox 782 1876 915 1915; x_wconf 86' lang='lat' dir='ltr'>deinde</span> <span class='ocrx_word' id='word_1_299' title='bbox 941 1877 1022 1929; x_wconf 88' lang='lat' dir='ltr'>ipse</span> <span class='ocrx_word' id='word_1_300' title='bbox 1050 1880 1276 1928; x_wconf 85' lang='lat' dir='ltr'>Agamemno</span> <span class='ocrx_word' id='word_1_301' title='bbox 1305 1877 1483 1930; x_wconf 87' lang='lat' dir='ltr'>impedire</span> <span class='ocrx_word' id='word_1_302' title='bbox 1509 1877 1647 1926; x_wconf 92' lang='lat' dir='ltr'>conati,</span> <span class='ocrx_word' id='word_1_303' title='bbox 1686 1878 1843 1930; x_wconf 88' lang='lat' dir='ltr'>denique</span> <span class='ocrx_word' id='word_1_304' title='bbox 1870 1880 1917 1918; x_wconf 87' lang='lat' dir='ltr'>ab</span> <span class='ocrx_word' id='word_1_305' title='bbox 1945 1882 2055 1921; x_wconf 86' lang='lat' dir='ltr'>Ulixe</span> 
     </span>
     <span class='ocr_line' id='line_1_29' title="bbox 197 1938 2053 1994; baseline 0.001 -12"><span class='ocrx_word' id='word_1_306' title='bbox 197 1941 280 1994; x_wconf 86' lang='lat' dir='ltr'>ipso</span> <span class='ocrx_word' id='word_1_307' title='bbox 306 1938 503 1989; x_wconf 84' lang='lat' dir='ltr'>admoniti,</span> <span class='ocrx_word' id='word_1_308' title='bbox 531 1954 578 1978; x_wconf 90' lang='lat' dir='ltr'>ne</span> <span class='ocrx_word' id='word_1_309' title='bbox 605 1939 695 1991; x_wconf 85' lang='lat' dir='ltr'>quid</span> <span class='ocrx_word' id='word_1_310' title='bbox 722 1939 920 1993; x_wconf 87' lang='lat' dir='ltr'>superbius</span> <span class='ocrx_word' id='word_1_311' title='bbox 947 1938 985 1978; x_wconf 89' lang='lat' dir='ltr'>in</span> <span class='ocrx_word' id='word_1_312' title='bbox 1014 1948 1195 1977; x_wconf 89' lang='lat' dir='ltr'>mortuum</span> <span class='ocrx_word' id='word_1_313' title='bbox 1223 1939 1496 1989; x_wconf 89' lang='lat' dir='ltr'>committerent,</span> <span class='ocrx_word' id='word_1_314' title='bbox 1524 1938 1586 1991; x_wconf 86' lang='lat' dir='ltr'>qui</span> <span class='ocrx_word' id='word_1_315' title='bbox 1614 1939 1719 1980; x_wconf 83' lang='lat' dir='ltr'>vivus</span> <span class='ocrx_word' id='word_1_316' title='bbox 1747 1943 1966 1983; x_wconf 86' lang='lat' dir='ltr'>Graecorum</span> <span class='ocrx_word' id='word_1_317' title='bbox 1995 1958 2053 1983; x_wconf 87' lang='lat' dir='ltr'>re-</span> 
     </span>
    </p>
   </div>
   <div class='ocr_carea' id='block_1_5' title="bbox 196 2000 1688 2055">
    <p class='ocr_par' dir='ltr' id='par_1_5' title="bbox 196 2000 1688 2055">
     <span class='ocr_line' id='line_1_30' title="bbox 196 2000 1688 2055; baseline 0 -13"><span class='ocrx_word' id='word_1_318' title='bbox 196 2003 457 2054; x_wconf 20' lang='lat' dir='ltr'>busvsummae</span> <span class='ocrx_word' id='word_1_319' title='bbox 484 2001 594 2040; x_wconf 87' lang='lat' dir='ltr'>saluti</span> <span class='ocrx_word' id='word_1_320' title='bbox 621 2002 762 2052; x_wconf 84' lang='lat' dir='ltr'>suisset,</span> <span class='ocrx_word' id='word_1_321' title='bbox 790 2003 948 2048; x_wconf 88' lang='lat' dir='ltr'>Teucro,</span> <span class='ocrx_word' id='word_1_322' title='bbox 976 2009 1015 2039; x_wconf 90' lang='lat' dir='ltr'>ut</span> <span class='ocrx_word' id='word_1_323' title='bbox 1044 2000 1189 2040; x_wconf 82' lang='lat' dir='ltr'>fratrem</span> <span class='ocrx_word' id='word_1_324' title='bbox 1217 2000 1407 2054; x_wconf 90' lang='lat' dir='ltr'>sepeliret,</span> <span class='ocrx_word' id='word_1_325' title='bbox 1433 2001 1688 2055; x_wconf 88' lang='lat' dir='ltr'>permiserunt.</span> 
     </span>
    </p>
   </div>
   <div class='ocr_carea' id='block_1_6' title="bbox 194 2081 2053 2445">
    <p class='ocr_par' dir='ltr' id='par_1_6' title="bbox 194 2081 2053 2445">
     <span class='ocr_line' id='line_1_31' title="bbox 302 2081 2053 2135; baseline 0.003 -14"><span class='ocrx_word' id='word_1_326' title='bbox 302 2085 343 2121; x_wconf 90' lang='lat' dir='ltr'>ln</span> <span class='ocrx_word' id='word_1_327' title='bbox 370 2081 441 2120; x_wconf 87' lang='lat' dir='ltr'>hac</span> <span class='ocrx_word' id='word_1_328' title='bbox 467 2096 509 2121; x_wconf 88' lang='lat' dir='ltr'>re</span> <span class='ocrx_word' id='word_1_329' title='bbox 536 2082 757 2121; x_wconf 87' lang='lat' dir='ltr'>illustranda</span> <span class='ocrx_word' id='word_1_330' title='bbox 784 2083 992 2135; x_wconf 84' lang='lat' dir='ltr'>Sophoclea</span> <span class='ocrx_word' id='word_1_331' title='bbox 1021 2083 1168 2133; x_wconf 86' lang='lat' dir='ltr'>sabula,</span> <span class='ocrx_word' id='word_1_332' title='bbox 1206 2096 1300 2134; x_wconf 87' lang='lat' dir='ltr'>quae</span> <span class='ocrx_word' id='word_1_333' title='bbox 1335 2083 1546 2127; x_wconf 82' lang='lat' dir='ltr'>inscribitur</span> <span class='ocrx_word' id='word_1_334' title='bbox 1582 2083 1699 2133; x_wconf 84' lang='lat' dir='ltr'>Aiax,</span> <span class='ocrx_word' id='word_1_335' title='bbox 1736 2094 1914 2125; x_wconf 84' lang='lat' dir='ltr'>versatur.</span> <span class='ocrx_word' id='word_1_336' title='bbox 1976 2089 2053 2127; x_wconf 84' lang='lat' dir='ltr'>lam</span> 
     </span>
     <span class='ocr_line' id='line_1_32' title="bbox 198 2143 2053 2196; baseline 0.002 -14"><span class='ocrx_word' id='word_1_337' title='bbox 198 2143 371 2195; x_wconf 89' lang='lat' dir='ltr'>quoniam</span> <span class='ocrx_word' id='word_1_338' title='bbox 397 2143 630 2182; x_wconf 87' lang='lat' dir='ltr'>innocentem</span> <span class='ocrx_word' id='word_1_339' title='bbox 660 2143 842 2182; x_wconf 78' lang='lat' dir='ltr'>hominem</span> <span class='ocrx_word' id='word_1_340' title='bbox 883 2153 918 2182; x_wconf 91' lang='lat' dir='ltr'>et</span> <span class='ocrx_word' id='word_1_341' title='bbox 944 2144 1125 2196; x_wconf 85' lang='lat' dir='ltr'>integrum</span> <span class='ocrx_word' id='word_1_342' title='bbox 1153 2144 1382 2196; x_wconf 85' lang='lat' dir='ltr'>pessumdari</span> <span class='ocrx_word' id='word_1_343' title='bbox 1410 2144 1623 2194; x_wconf 87' lang='lat' dir='ltr'>crudeliter,</span> <span class='ocrx_word' id='word_1_344' title='bbox 1660 2160 1733 2185; x_wconf 89' lang='lat' dir='ltr'>nou</span> <span class='ocrx_word' id='word_1_345' title='bbox 1769 2156 1823 2185; x_wconf 88' lang='lat' dir='ltr'>est</span> <span class='ocrx_word' id='word_1_346' title='bbox 1850 2147 2053 2196; x_wconf 86' lang='lat' dir='ltr'>serendum,</span> 
     </span>
     <span class='ocr_line' id='line_1_33' title="bbox 196 2204 2052 2257; baseline 0.004 -16"><span class='ocrx_word' id='word_1_347' title='bbox 196 2204 401 2255; x_wconf 87' lang='lat' dir='ltr'>quaeritur,</span> <span class='ocrx_word' id='word_1_348' title='bbox 439 2204 531 2254; x_wconf 89' lang='lat' dir='ltr'>quid</span> <span class='ocrx_word' id='word_1_349' title='bbox 569 2204 668 2243; x_wconf 87' lang='lat' dir='ltr'>Aiax</span> <span class='ocrx_word' id='word_1_350' title='bbox 695 2204 934 2253; x_wconf 86' lang='lat' dir='ltr'>commiserit,</span> <span class='ocrx_word' id='word_1_351' title='bbox 971 2215 1010 2244; x_wconf 88' lang='lat' dir='ltr'>ut</span> <span class='ocrx_word' id='word_1_352' title='bbox 1038 2215 1158 2254; x_wconf 88' lang='lat' dir='ltr'>tauta,</span> <span class='ocrx_word' id='word_1_353' title='bbox 1195 2214 1269 2245; x_wconf 89' lang='lat' dir='ltr'>tam</span> <span class='ocrx_word' id='word_1_354' title='bbox 1295 2204 1429 2257; x_wconf 75' lang='lat' dir='ltr'>atroci,</span> <span class='ocrx_word' id='word_1_355' title='bbox 1466 2214 1540 2245; x_wconf 83' lang='lat' dir='ltr'>tam</span> <span class='ocrx_word' id='word_1_356' title='bbox 1572 2206 1818 2257; x_wconf 79' lang='lat' dir='ltr'>ignominiosa</span> <span class='ocrx_word' id='word_1_357' title='bbox 1845 2207 2052 2248; x_wconf 86' lang='lat' dir='ltr'>calamitate</span> 
     </span>
     <span class='ocr_line' id='line_1_34' title="bbox 195 2263 2051 2320; baseline 0.002 -16"><span class='ocrx_word' id='word_1_358' title='bbox 195 2264 477 2317; x_wconf 80' lang='lat' dir='ltr'>opprimeretur.</span> <span class='ocrx_word' id='word_1_359' title='bbox 532 2265 776 2305; x_wconf 89' lang='lat' dir='ltr'>Commissum</span> <span class='ocrx_word' id='word_1_360' title='bbox 804 2280 885 2306; x_wconf 87' lang='lat' dir='ltr'>esse</span> <span class='ocrx_word' id='word_1_361' title='bbox 911 2267 960 2305; x_wconf 82' lang='lat' dir='ltr'>ab</span> <span class='ocrx_word' id='word_1_362' title='bbox 987 2266 1100 2306; x_wconf 86' lang='lat' dir='ltr'>Aiace</span> <span class='ocrx_word' id='word_1_363' title='bbox 1127 2280 1240 2317; x_wconf 81' lang='lat' dir='ltr'>grave</span> <span class='ocrx_word' id='word_1_364' title='bbox 1266 2265 1418 2318; x_wconf 85' lang='lat' dir='ltr'>aliquod</span> <span class='ocrx_word' id='word_1_365' title='bbox 1445 2275 1651 2320; x_wconf 87' lang='lat' dir='ltr'>peccatum,</span> <span class='ocrx_word' id='word_1_366' title='bbox 1678 2267 1758 2308; x_wconf 88' lang='lat' dir='ltr'>iam</span> <span class='ocrx_word' id='word_1_367' title='bbox 1787 2268 1834 2306; x_wconf 89' lang='lat' dir='ltr'>ab</span> <span class='ocrx_word' id='word_1_368' title='bbox 1862 2263 1965 2307; x_wconf 86' lang='lat' dir='ltr'>initio</span> <span class='ocrx_word' id='word_1_369' title='bbox 1994 2269 2051 2308; x_wconf 87' lang='lat' dir='ltr'>sa-</span> 
     </span>
     <span class='ocr_line' id='line_1_35' title="bbox 196 2326 2050 2383; baseline 0.002 -17"><span class='ocrx_word' id='word_1_370' title='bbox 196 2327 306 2366; x_wconf 87' lang='lat' dir='ltr'>bulae</span> <span class='ocrx_word' id='word_1_371' title='bbox 333 2326 538 2378; x_wconf 87' lang='lat' dir='ltr'>Sophocles</span> <span class='ocrx_word' id='word_1_372' title='bbox 563 2337 789 2379; x_wconf 89' lang='lat' dir='ltr'>spectatores</span> <span class='ocrx_word' id='word_1_373' title='bbox 817 2328 941 2378; x_wconf 88' lang='lat' dir='ltr'>docet,</span> <span class='ocrx_word' id='word_1_374' title='bbox 980 2343 1089 2379; x_wconf 90' lang='lat' dir='ltr'>quum</span> <span class='ocrx_word' id='word_1_375' title='bbox 1117 2329 1236 2381; x_wconf 87' lang='lat' dir='ltr'>ipsam</span> <span class='ocrx_word' id='word_1_376' title='bbox 1266 2328 1489 2378; x_wconf 85' lang='lat' dir='ltr'>Minervam,</span> <span class='ocrx_word' id='word_1_377' title='bbox 1523 2329 1831 2383; x_wconf 80' lang='lat' dir='ltr'>sapientissimam</span> <span class='ocrx_word' id='word_1_378' title='bbox 1858 2340 1894 2369; x_wconf 92' lang='lat' dir='ltr'>et</span> <span class='ocrx_word' id='word_1_379' title='bbox 1920 2330 2050 2370; x_wconf 87' lang='lat' dir='ltr'>castis-</span> 
     </span>
     <span class='ocr_line' id='line_1_36' title="bbox 194 2387 2048 2445; baseline 0.001 -15"><span class='ocrx_word' id='word_1_380' title='bbox 194 2389 324 2430; x_wconf 85' lang='lat' dir='ltr'>simam</span> <span class='ocrx_word' id='word_1_381' title='bbox 350 2387 633 2430; x_wconf 85' lang='lat' dir='ltr'>Atheniensium</span> <span class='ocrx_word' id='word_1_382' title='bbox 659 2389 785 2437; x_wconf 90' lang='lat' dir='ltr'>deam,</span> <span class='ocrx_word' id='word_1_383' title='bbox 821 2389 1031 2443; x_wconf 87' lang='lat' dir='ltr'>loquentem</span> <span class='ocrx_word' id='word_1_384' title='bbox 1059 2389 1221 2432; x_wconf 87' lang='lat' dir='ltr'>inducat.</span> <span class='ocrx_word' id='word_1_385' title='bbox 1276 2391 1383 2439; x_wconf 73' lang='lat' dir='ltr'>Quae</span> <span class='ocrx_word' id='word_1_386' title='bbox 1409 2389 1577 2443; x_wconf 83' lang='lat' dir='ltr'>Ulixem,</span> <span class='ocrx_word' id='word_1_387' title='bbox 1613 2390 1881 2445; x_wconf 78' lang='lat' dir='ltr'>adtentorium</span> <span class='ocrx_word' id='word_1_388' title='bbox 1909 2390 2048 2443; x_wconf 87' lang='lat' dir='ltr'>Aiacis,</span> 
     </span>
    </p>
   </div>
  </div>
 </body>
</html>
