2270 2915
953 168 1256 212 ...25-

181 298 220 338 is
246 294 399 337 eandem
425 293 662 335 temeritatem
688 293 819 334 vitiose
843 294 1004 344 labitur-3
1043 302 1235 347 utramque
1260 308 1423 335 sororem
1457 296 1593 335 Greon'
1612 292 1789 335 stultitiae
1802 292 2031 335 'insi-ulans

179 359 270 411 ⁵61,
302 357 536 411 semetipsum
560 356 673 409 longe
698 356 858 397 ennium
884 355 1137 398 stultissimum
1162 370 1245 397 esse
1274 371 1347 397 non
1372 355 1487 400 videt.

282 468 478 520 Reliquum
505 477 581 515 est,
617 478 659 507 ut
683 468 730 508 de
756 470 976 509 Philocteta
1002 478 1038 508 et
1064 468 1110 507 de
1139 469 1359 508 Trachiniis
1384 468 1640 521 exponendum
1668 467 1848 507 videatur.
1902 469 1957 506 Ac
1981 466 2029 505 ds

179 531 381 572 Philocteta
406 530 554 581 quidem
588 529 819 569 vehementer
850 530 978 569 dubito
1004 530 1093 581 quid
1120 530 1352 570 statuendum
1379 545 1459 569 esse
1485 543 1669 575 censeam,
1698 528 1838 580 quippe
1865 526 1929 578 qui
1956 541 2028 565 non

178 592 294 632 solum
322 592 370 630 ab
397 590 501 630 omni·
522 601 671 644 peccato
698 589 841 631 alienus
867 605 950 631 esse
976 590 1161 641 videatur,
1186 606 1311 631 verum
1339 590 1449 630 etiam
1477 590 1586 629 laude
1614 589 1806 642 probitatis
1833 597 1943 640 atque
1967 587 2027 627 in·

177 653 366 693 nocentiae
401 653 450 691 ab
481 651 564 704 ipso
590 661 698 705 poeta
724 652 903 691 afficiatur
941 652 1034 694 684.
1087 656 1181 692 Num
1208 668 1320 704 quum
1348 651 1481 692 Graeci
1507 651 1655 690 Troiam
1683 650 1953 702 proficiscentes
1979 650 2028 688 ad

177 715 343 769 Chrysen
371 713 573 763 venissent,
614 713 834 753 Philoctetes
866 729 977 766 quum
1006 714 1159 767 propius
1184 714 1233 754 ad
1259 729 1360 754 aram
1387 713 1499 753 huius
1523 713 1615 752 deae
1640 711 1869 761 accessisset,
1896 724 1920 751 a
1946 724 2026 751 ser-

176 785 304 830 pente,
331 789 418 815 arae
444 774 614 823 custode,
641 789 801 821 morsus,
834 775 1040 815 insanabile
1065 777 1199 815 vulnus
1225 776 1321 829 pede
1347 784 1592 814 contraxerat.
1645 772 1756 821 Quod
1782 773 1916 811 vulnus
1941 781 2025 811 tan-

176 847 249 877 tum
286 837 321 876 ei
348 837 510 876 dolorem
537 835 746 887 infligebat,
783 846 823 875 ut
849 851 960 889 saepe
986 837 1107 876 facere
1133 852 1204 876 non
1231 846 1374 890 posset,
1411 836 1500 888 quin
1525 835 1749 874 exclamaret
1783 843 1819 872 et
1844 832 1933 872 fletu
1958 847 2026 872 suo

173 907 284 948 atque
320 897 458 936 eiulatu
497 897 648 937 Graecis
682 911 787 937 sacra
823 897 1041 937 facientibus
1076 898 1264 937 molestior
1299 907 1409 938 esset.
1472 899 1601 948 ltaque
1636 909 1749 947 quum
1785 895 1941 933 classem
1976 892 2024 932 ad

173 962 349 999 Lemnum
386 958 635 1009 appulissent,
673 958 911 997 Philoctetam
942 959 1035 997 sorte
1062 959 1297 997 dormientem
1324 966 1594 1008 exposuerunt:
1631 955 1706 1007 ipsi
1732 955 1883 994 Troiam
1909 954 2025 1007 profi·

172 1018 258 1057 cisci
284 1026 535 1069 perrexerunt.
589 1020 765 1056 Desertus
792 1026 828 1055 et
854 1017 1067 1064 destitutus,
1104 1016 1347 1057 tristissimum
1374 1015 1546 1055 exsilium
1582 1014 1708 1053 decem
1734 1029 1911 1054 annorum
1936 1028 2024 1066 per-

173 1091 303 1131 pessus
328 1086 397 1116 est.
450 1079 578 1126 Neque
604 1076 699 1113 enim
727 1076 892 1115 homines
921 1086 997 1115 tum
1023 1077 1061 1115 in
1089 1091 1133 1115 ea
1159 1077 1280 1116 insula
1307 1085 1431 1115 erant:
1462 1076 1612 1114 horrida
1638 1084 1676 1114 et
1700 1075 1853 1121 inculta,
1879 1073 2025 1114 mitiora

171 1138 357 1186 alimenta,
384 1136 518 1187 quibus
544 1136 709 1175 homines
735 1135 788 1174 uti
815 1146 1047 1186 consuerunt,
1073 1138 1275 1189 praebebat
1300 1138 1425 1177 nulla:
1451 1136 1619 1176 venando
1639 1135 1860 1175 Philoctetes
1885 1134 2022 1174 victum

170 1198 243 1239 sibi
269 1211 380 1249 aegre
406 1197 626 1248 quaerebat:
667 1210 792 1247 quum,
805 1197 939 1236 vulnus
965 1197 1131 1236 dolorum
1158 1198 1256 1236 faces
1282 1198 1318 1236 ei
1344 1198 1574 1246 admoverat,
1610 1210 1717 1235 nemo
1742 1205 1840 1243 erat,
1866 1196 1932 1247 qui
1957 1205 2022 1235 ant

171 1260 326 1299 salutem
352 1258 500 1297 afferret
533 1266 598 1297 aut
623 1256 783 1296 animum
810 1257 984 1297 afflictum
1012 1258 1191 1298 duntaxat
1216 1258 1377 1310 benigna
1403 1257 1656 1298 adhortatione
1680 1256 1836 1308 erigeret
1861 1270 1906 1296 ac
1931 1271 2022 1297 con·

167 1321 340 1360 firmaret.
394 1318 527 1359 Graeci
554 1318 781 1358 Philoctetae
808 1318 913 1358 obliti
939 1333 1020 1359 esse
1046 1319 1278 1360 videbantur.
1330 1320 1407 1358 Sed
1435 1334 1548 1371 quum
1574 1318 1638 1358 diu
1652 1318 1803 1357 Troiam
1827 1317 2021 1358 obsidione

168 1381 302 1420 frustra
335 1378 554 1431 pressissent
589 1378 776 1431 multaque
812 1380 954 1432 proelia
988 1379 1092 1419 vario
1117 1389 1154 1419 et
1178 1379 1331 1433 ancipiti
1357 1383 1479 1419 Marte
1513 1394 1594 1418 cum
1621 1379 1789 1418 hostibus
1814 1378 2021 1418 conseruis-

165 1451 264 1491 sent,
291 1439 442 1489 accidit,
468 1448 507 1478 ut
534 1439 715 1478 Helenum
742 1449 879 1489 vatem,
905 1440 1042 1479 Priami
1069 1441 1200 1490 lilium,
1226 1450 1371 1494 captum
1398 1441 1436 1480 in
1463 1451 1583 1481 castra
1608 1455 1675 1480 sua
1701 1440 1888 1480 ducerent.
1943 1440 2019 1488 Qui

165 1517 229 1543 eos
255 1500 397 1550 docuit,
433 1513 505 1538 non
533 1500 692 1539 futurum
720 1515 830 1547 esse,
859 1511 899 1540 ut
926 1501 1039 1540 Troia
1064 1515 1087 1541 a
1114 1502 1265 1542 Graecis
1291 1512 1500 1555 caperetur,
1527 1502 1598 1541 nisi
1626 1501 1865 1540 Philoctetam
1892 1514 2016 1541 arces·

164 1564 309 1605 sissent.
363 1560 549 1601 Divinitas
575 1560 671 1600 enim
698 1561 930 1602 constitutum
956 1571 1054 1613 erat,
1090 1572 1131 1603 ut
1167 1563 1282 1604 Troia
1317 1563 1462 1615 sagittis
1497 1562 1689 1603 Heracleis
1723 1561 1870 1602 invictis
1904 1575 2017 1615 cape-

163 1633 282 1664 retur:
323 1637 416 1674 quas
451 1623 603 1672 sagittas
638 1622 860 1662 Philoctetes
896 1625 1056 1664 tenebat.
1119 1628 1202 1663 Hac
1227 1639 1267 1663 re
1292 1625 1462 1664 commoti
1498 1624 1631 1663 Graeci
1657 1623 1804 1662 Ulixem
1841 1633 1878 1661 et
1913 1626 2013 1662 Neo-

163 1685 380 1739 ptolemum,
418 1682 574 1722 Achillis
609 1681 746 1733 filium,
780 1683 975 1734 miserunt,
1016 1684 1087 1734 qui*
1108 1685 1344 1724 Philoctetam
1371 1693 1609 1725 arcesserent.
1661 1686 1703 1722 ln
1729 1682 1799 1722 hac
1824 1697 1863 1722 re
1890 1683 2014 1736 expli·

163 1746 280 1786 canda
309 1745 528 1783 Philoctetes
555 1744 763 1796 Sophoclea
790 1755 967 1786 versatur.
1031 1745 1161 1785 Ulixes
1194 1746 1258 1785 ubi
1284 1747 1561 1808 Neoptolemum
1588 1744 1761 1794 adduxit,
1799 1754 1839 1784 ut
1865 1744 1952 1785 dolo
1980 1754 2015 1783 et

162 1805 351 1846 mendacio
378 1805 615 1844 Philoctetam
642 1819 722 1844 cum
750 1806 895 1855 sagittis
921 1816 1086 1858 caperet,
1123 1807 1218 1856 abit,
1256 1807 1518 1859 Neoptolemus
1553 1821 1635 1845 cum
1670 1806 1781 1846 sociis
1816 1805 1913 1855 suis,
1949 1806 2013 1857 qui

162 1866 276 1908 Chori
302 1874 424 1919 partes
451 1875 599 1916 gerunt,
628 1875 800 1906 remanet.
854 1869 890 1905 ls
917 1866 981 1905 ubi
1010 1866 1248 1906 Philoctetam
1274 1867 1461 1917 convenit,
1487 1867 1614 1919 fingit,
1646 1881 1688 1906 se
1714 1866 1828 1906 Troia
1854 1867 2010 1905 redeun-

161 1940 232 1968 tem
259 1928 404 1967 domum
432 1927 670 1976 contendere3
717 1941 740 1967 a
768 1927 919 1968 Graecis
945 1927 1018 1967 sibi
1054 1927 1224 1968 iniuriam
1260 1928 1399 1968 illatam
1426 1943 1525 1978 esse,
1563 1928 1627 1977 qui
1662 1941 1763 1967 arma
1800 1928 1915 1980 patris
1950 1927 2009 1968 sui

159 1988 265 2028 Ulixi
287 1987 429 2040 potius,
468 2000 576 2037 quam
603 1988 675 2026 sibi
702 1989 939 2036 tradiderint3
989 1988 1075 2027 huic
1111 1998 1148 2027 et
1182 1989 1321 2028 Atridis
1359 2003 1399 2028 se
1434 1988 1725 2027 inimicissimum
1751 2003 1852 2037 esse,
1889 2003 2009 2039 neque

159 2064 199 2089 se
225 2049 298 2089 iam
325 2048 438 2087 ullam
466 2060 541 2086 rem
573 2060 654 2086 cum
682 2047 832 2087 Graecis
859 2049 997 2088 habere
1022 2050 1137 2100 velle,
1176 2049 1313 2102 quippe
1351 2049 1414 2099 qui
1451 2049 1500 2089 ad
1539 2063 1652 2089 unum
1689 2064 1817 2090 omnes
1843 2049 2008 2089 homines

159 2110 230 2150 sint
268 2108 465 2148 deterrimi.
531 2111 616 2156 Quo
653 2123 816 2148 sermone
853 2118 1046 2161 postquam
1083 2110 1122 2149 in
1159 2110 1322 2150 intimam
1361 2111 1590 2151 Philoctetae
1616 2111 1812 2151 amicitiam
1849 2125 1890 2151 se
1914 2110 2006 2151 insi-

158 2169 302 2220 nuavit,
339 2167 470 2207 deinde
497 2168 570 2207 iam
598 2170 744 2209 domum
771 2184 811 2210 se
837 2169 1017 2209 abiturum
1043 2185 1124 2210 esse
1149 2171 1310 2213 simulat.
1364 2172 1441 2212 Sed
1467 2181 1638 2212 exoratur
1663 2185 1686 2210 a
1714 2171 1937 2219 Philocteta,
1966 2181 2005 2211 ut

158 2243 242 2269 eum
267 2243 390 2269 secum
417 2229 538 2268 ducat.
593 2233 688 2269 Tum
716 2232 825 2271 homo
852 2232 1060 2281 intervenit,
1086 2233 1134 2271 ab
1160 2232 1274 2272 Ulixe
1300 2235 1538 2283 subornatus,
1564 2232 1629 2285 qui
1655 2233 1809 2282 nuntiat,
1835 2247 1859 2271 a
1886 2236 2006 2286 Grae-

158 2291 211 2330 cis
235 2289 367 2330 missos
394 2303 494 2339 esse,
531 2290 593 2341 qui
620 2299 656 2329 et
682 2292 960 2344 Neoptolemum
986 2293 1210 2333 retraherent
1236 2303 1272 2334 et
1298 2295 1536 2334 Philoctetam
1563 2302 1799 2334 arcesserent.
1853 2296 1941 2342 Qua
1966 2310 2006 2335 re

157 2359 354 2391 commotus
382 2351 601 2390 Philoctetes
626 2351 755 2402 instat,
794 2362 833 2392 ut
870 2353 1157 2406 proficiscantur.
1221 2356 1297 2394 Sed
1334 2355 1455 2395 subito
1489 2355 1608 2394 morbi
1643 2353 1701 2393 sui
1737 2354 1877 2407 impetu
1903 2369 2004 2394 com·

157 2425 324 2466 pressus,
360 2411 685 2453 vehementissimis
712 2414 901 2456 doloribus
928 2415 1129 2465 cruciatui-3
1174 2430 1325 2471 corpore
1350 2431 1417 2457 suo
1445 2425 1481 2457 et
1506 2414 1650 2469 sagittis
1676 2416 1937 2469 Neoptolemo,
1964 2426 2004 2455 ut

1605 2488 1626 2528 7
