2270 2915
973 148 1275 188 ...21-

200 273 376 314 divinitus
411 272 605 313 constituta
640 284 781 310 omnem
818 271 965 311 domum
1001 271 1297 311 Labdacidarum
1333 271 1498 312 funditus
1533 281 1629 311 esset
1663 285 1858 321 eversura,
1896 272 1935 312 in
1972 286 2055 312 ean

200 351 345 383 onnes,
383 349 494 376 caeca
519 332 677 383 quadam
704 332 904 385 cupiditate
929 343 1040 385 atque
1065 332 1255 373 iracundia
1282 343 1403 381 actos,
1439 333 1541 387 ipsos
1566 347 1635 373 sua
1662 343 1792 386 sponte
1817 332 1958 373 irruere
1983 348 2054 387 ap-

200 405 357 450 pareret.
422 394 532 443 Quod
569 392 760 433 consilium
797 408 903 433 suum
940 394 1143 447 Sophocles
1178 394 1302 434 nescio
1338 409 1385 434 an
1412 396 1514 434 nullo
1541 395 1615 434 alio
1642 395 1724 433 loco
1751 395 1886 433 clarius
1912 408 2053 447 propo-

199 460 332 508 suerit,
361 471 470 507 quam
497 455 656 495 carmine
681 455 747 496 illo
773 455 1004 506 gravissimo,
1031 456 1129 508 quod
1157 456 1321 503 Chorus,
1349 466 1541 509 postquam
1570 459 1690 497 Creon
1717 455 1941 506 Antigonam
1967 470 2052 496 cun

199 523 343 560 {amena
370 526 482 557 morte
508 531 549 557 se
574 516 786 556 offecturum
813 530 894 555 esse
921 517 1108 569 professus
1134 526 1208 563 est,
1245 531 1377 556 canere
1413 518 1569 556 instituit
1607 519 1747 556 582-
1764 518 1855 556 625.
1919 519 1950 554 A
1979 531 2051 567 quo

197 581 362 620 carmine
388 589 484 619 recte
509 577 782 631 interpretando
809 577 951 617 initium
979 577 1105 629 saciet,
1142 578 1204 630 qui
1231 579 1278 618 ad
1306 579 1567 631 explicandum
1593 578 1826 629 aggreditur,
1862 577 1950 629 quid
1978 579 2051 617 So·

198 642 349 695 phocles
376 642 446 681 hac
473 640 679 690 tragoedia,
708 654 816 690 quam
844 650 984 679 veteres
1011 641 1139 679 harum
1168 655 1286 680 rerum
1316 641 1583 680 existimatores
1609 641 1701 680 inter
1721 639 2052 693 praestantissimas

196 704 409 749 retulerunt,
436 702 591 741 voluerit
617 702 760 741 docere.
813 702 955 740 Felices
981 712 1079 748 sunt,
1107 702 1240 753 inquit,
1269 703 1331 753 qui
1359 703 1451 740 nihil
1480 717 1637 753 unquam
1665 703 1753 741 mali
1780 701 1926 754 experti
1952 711 2050 741 sunt.

196 766 290 804 Nam
318 764 382 803 ubi
410 763 567 817 primum
604 762 656 801 dii
691 762 800 800 rebus
827 762 992 802 adversis
1025 763 1170 801 domum
1197 764 1358 814 aliquam
1397 762 1619 802 labefactare
1655 772 1872 815 coeperunt,
1908 763 2049 801 nullum

196 834 251 864 est
285 834 349 864 aut
374 824 556 875 refugium
596 832 660 862 aut
687 822 881 863 auxilium.
943 824 1047 862 Mala
1075 824 1171 862 enim
1210 839 1257 862 ex
1285 825 1391 863 malis
1418 834 1507 876 apta
1533 834 1642 875 atque
1667 824 1762 862 inter
1789 838 1829 862 se
1856 837 1952 861 nexa
1977 836 2051 861 non

195 884 453 934 intermittunt,
492 885 578 933 quin
607 894 765 936 patrem,
791 884 926 930 filium,
955 894 1107 935 nepotes
1134 885 1307 936 perdant,
1342 899 1409 923 nec
1434 885 1603 935 cuiquam
1631 884 1804 937 parcitur.
1857 886 1951 922 Nam
1978 883 2051 935 ipsi

196 944 267 990 dii,
306 959 412 994 quem
450 945 603 997 perdere
640 943 811 996 cupiunt,
848 943 927 983 eius
961 944 1121 983 animum
1149 946 1364 997 perturbant
1390 945 1578 996 aciemque
1604 945 1735 983 mentis
1763 944 2049 996 praestringunt,

197 1015 237 1043 ut
262 1020 330 1055 spe
352 1019 399 1043 -ac
426 1006 626 1055 cupiditate
663 1005 857 1054 deceptus,
893 1004 1015 1041 omnia
1051 1004 1218 1052 misceat,
1256 1013 1296 1042 ut
1321 1018 1436 1054 prava
1463 1005 1580 1050 bona,
1617 1005 1714 1042 bona
1739 1018 1855 1055 prava
1881 1019 1963 1044 esse
1991 1005 2049 1043 vi-

197 1064 366 1104 deantur.
420 1064 496 1102 Sed
523 1064 670 1114 singula
698 1077 866 1114 quaeque
891 1063 1095 1102 accuratius
1122 1065 1360 1116 proponenda
1385 1075 1483 1104 sunt.

297 1173 352 1210 Ac
387 1170 544 1223 primum
584 1169 731 1219 quidem
768 1168 990 1219 Antigonam
1028 1170 1232 1223 Sophocles
1266 1170 1459 1222 descripsit
1491 1170 1619 1209 fortem
1647 1170 1831 1222 quandam
1857 1171 2047 1211 mulierem

193 1246 236 1271 ac
261 1241 464 1277 strenuam,
504 1231 570 1270 sed
597 1230 795 1269 subduram
833 1239 869 1268 et
895 1229 991 1284 iusto
1019 1230 1301 1271 concitatiorem.
1364 1234 1446 1270 Non
1473 1231 1637 1282 ignorat,
1672 1241 1815 1281 gentem
1843 1246 1948 1271 suam
1975 1232 2047 1272 diis

191 1292 346 1332 invisam
382 1305 463 1331 esse
499 1291 651 1343 eiusque
687 1305 747 1330 res
781 1290 833 1329 ita
869 1290 1115 1330 administrari
1149 1291 1345 1338 divinitus,
1388 1302 1446 1342 ut,
1484 1291 1548 1344 qui
1585 1291 1763 1343 originem
1801 1293 1961 1332 habeant
1997 1293 2046 1332 ab

193 1353 360 1404 Oedipo,
397 1353 437 1390 hi
474 1367 599 1391 omnes
635 1352 809 1390 radicitus
837 1352 1027 1390 deleantur
1069 1356 1087 1390 l
1117 1366 1200 1403 sqq.
1262 1354 1336 1392 Sed
1375 1369 1486 1404 quum
1523 1353 1670 1392 miseret
1705 1368 1806 1403 eam,
1846 1364 1922 1393 tum
1958 1369 2045 1394 vero

190 1413 297 1453 etiam
325 1412 451 1465 pudet,
479 1412 578 1463 quod
604 1426 657 1461 se,
684 1412 823 1463 regiam
850 1411 1030 1462 virginem
1057 1414 1121 1458 32,
1149 1422 1250 1451 tanta
1276 1413 1479 1465 ignominia
1505 1413 1651 1452 afficere
1671 1416 1791 1453 Creon
1819 1423 1970 1453 conatus
1984 1414 2044 1463 sit,

190 1485 228 1514 ut
254 1473 463 1527 Polynicem
492 1475 639 1513 fratrem
666 1473 893 1512 inhumatum
922 1473 1128 1526 proiiceret.
1181 1477 1310 1525 ltaque
1336 1474 1435 1525 quod
1462 1475 1619 1526 officium
1647 1475 1695 1514 sit
1720 1474 1866 1528 pietatis
1893 1484 1929 1514 et
1955 1489 2043 1526 erga

190 1537 278 1575 deos
314 1544 350 1574 et
376 1549 465 1585 erga
492 1535 639 1574 fratrem
677 1544 713 1573 et
745 1547 833 1585 erga
862 1542 1031 1586 parentes
1094 1536 1145 1573 50
1170 1547 1253 1585 sqq.
1280 1537 1344 1574 73.
1371 1536 1450 1574 897
1476 1548 1577 1586 sqq.‚
1616 1536 1786 1586 quamvis
1823 1546 1859 1574 et
1895 1536 2044 1589 publice

189 1597 300 1636 vetita
327 1597 375 1635 sit
402 1611 422 1635 a
452 1598 608 1635 Creonte
634 1604 670 1634 et
698 1595 872 1634 facillime
899 1609 922 1633 a
949 1595 1161 1634 custodibus
1187 1595 1367 1647 appositis
1394 1596 1455 1634 vel
1481 1596 1670 1648 prohiberi
1695 1597 1756 1635 vel
1783 1597 2043 1648 comprehendi

188 1657 322 1711 possit,
360 1652 481 1696 tamen
519 1655 711 1695 consilium
747 1655 872 1695 fratris
907 1655 1115 1707 sepeliundi
1150 1655 1238 1706 init,
1274 1655 1402 1694 initum
1439 1656 1593 1709 perficit.
1659 1658 1778 1707 Atque
1804 1657 1896 1695 adeo
1923 1657 1959 1695 ei
1985 1666 2041 1695 est

187 1733 415 1770 persuasum,
444 1718 543 1767 quod
571 1718 710 1766 fecerit,
736 1716 865 1755 secisse
892 1731 932 1756 se
957 1716 1104 1768 pietatis
1131 1731 1255 1766 causa,
1282 1727 1342 1767 ut,
1370 1730 1481 1768 quum
1509 1718 1556 1756 ad
1584 1726 1733 1757 mortem
1761 1717 1916 1766 ducitur,
1945 1717 2040 1758 hanc

187 1792 296 1818 unam
324 1778 370 1817 ob
397 1791 544 1817 causam
570 1791 610 1816 se
637 1777 721 1815 duci
748 1778 871 1830 palam
896 1777 1122 1829 pronuntiet,
1151 1778 1249 1828 quod
1276 1778 1450 1830 pietatem
1478 1778 1655 1817 coluerit:

737 1875 927 1920 λεύσσετε,
952 1873 1090 1923 inquit,

738 1935 801 1974 οἷα
828 1935 927 1985 πρὸς
950 1939 1040 1975 οἴων
1067 1935 1221 1986 ἅνδρῶν
1248 1937 1401 1985 πάσχω,

740 1997 808 2047 τὴν
835 1996 1013 2047 εὐσεβίαν
1038 2000 1223 2047 σεβίσασα
1261 1996 1353 2035 940.

186 2089 307 2137 Atque
353 2085 424 2125 hoc
470 2086 617 2137 quidem
664 2093 718 2124 est
760 2084 967 2136 Antigonae
1005 2096 1221 2127 extremum.
1287 2086 1396 2134 Quod
1434 2086 1489 2124 ita
1528 2086 1733 2139 Sophocles
1773 2089 1936 2128 consulto
1973 2088 2035 2127 in·

184 2146 319 2195 stituit,
355 2155 430 2185 tum
439 2173 452 2195 ,
489 2156 529 2184 nt
555 2146 715 2184 animum
743 2145 949 2196 Antigonae
975 2146 1102 2184 sortem
1130 2155 1166 2184 et
1191 2146 1364 2185 invictum
1391 2146 1615 2195 ostenderet,
1648 2156 1723 2185 tum
1749 2162 1835 2186 vero
1861 2148 2033 2194 maxime,

183 2216 223 2246 ut
249 2216 461 2260 appareret,
498 2221 595 2255 rem,
634 2219 744 2256 quam
772 2206 1010 2260 suscepisset,
1047 2206 1079 2246 si
1106 2220 1172 2259 per
1198 2221 1238 2247 se
1265 2208 1547 2260 ponderaretur,
1583 2220 1673 2246 sane
1708 2207 1841 2247 iustam
1876 2222 1958 2248 esse
1995 2218 2036 2248 et

183 2268 294 2308 laude
318 2279 459 2308 summa
485 2282 528 2307 ac
555 2266 673 2318 gloria
700 2267 865 2317 dignam.
928 2270 1058 2318 Neque
1092 2277 1214 2307 tamen
1250 2269 1383 2321 culpae
1419 2282 1552 2319 expers
1587 2268 1670 2308 fuit.
1733 2268 1910 2308 Divinum
1936 2269 2034 2309 enim

183 2329 241 2370 ius
267 2329 398 2378 coluit,
433 2328 598 2382 neglexit
623 2327 681 2368 ius
708 2327 921 2371 humanum.
982 2328 1124 2370 Etenim
1151 2342 1265 2381 quum
1294 2332 1431 2379 Creon,
1468 2342 1584 2381 penes
1609 2341 1717 2380 quem
1753 2343 1936 2370 summum
1963 2330 2034 2369 im-

183 2390 326 2442 perium
353 2391 509 2430 civitatis
536 2390 798 2430 Thebanorum
823 2400 938 2441 esset,
974 2391 1182 2443 Polynicem
1218 2391 1367 2444 sepeliri
1403 2390 1553 2443 publice
1584 2390 1779 2441 vetuisset,
1815 2391 1925 2431 huius
1959 2391 2032 2430 im-

1632 2461 1658 2500 6
