<?xml version="1.0" encoding="UTF-8"?>
<!DOCTYPE html PUBLIC "-//W3C//DTD XHTML 1.0 Transitional//EN"
    "http://www.w3.org/TR/xhtml1/DTD/xhtml1-transitional.dtd">
<html xmlns="http://www.w3.org/1999/xhtml" xml:lang="en" lang="en">
 <head>
  <title>
</title>
<meta http-equiv="Content-Type" content="text/html;charset=utf-8" />
  <meta name='ocr-system' content='tesseract 3.04.00' />
  <meta name='ocr-capabilities' content='ocr_page ocr_carea ocr_par ocr_line ocrx_word'/>
</head>
<body>
  <div class='ocr_page' id='page_1' title='image "4768537_0032.png"; bbox 0 0 2270 2915; ppageno 0'>
   <div class='ocr_carea' id='block_1_1' title="bbox 984 147 1288 191">
    <p class='ocr_par' dir='ltr' id='par_1_1' title="bbox 984 147 1288 191">
     <span class='ocr_line' id='line_1_1' title="bbox 984 147 1288 191; baseline 0 -11"><span class='ocrx_word' id='word_1_1' title='bbox 984 147 1288 191; x_wconf 69' lang='grc'>..22-</span> 
     </span>
    </p>
   </div>
   <div class='ocr_carea' id='block_1_2' title="bbox 204 272 2069 1298">
    <p class='ocr_par' dir='ltr' id='par_1_2' title="bbox 204 272 2069 1298">
     <span class='ocr_line' id='line_1_2' title="bbox 204 272 2066 331; baseline 0.002 -17"><span class='ocrx_word' id='word_1_2' title='bbox 204 276 325 328; x_wconf 82' lang='lat' dir='ltr'>perio,</span> <span class='ocrx_word' id='word_1_3' title='bbox 362 284 403 315; x_wconf 91' lang='lat' dir='ltr'>ut</span> <span class='ocrx_word' id='word_1_4' title='bbox 431 274 642 328; x_wconf 80' lang='lat' dir='ltr'><strong>respublica</strong></span> <span class='ocrx_word' id='word_1_5' title='bbox 670 275 773 314; x_wconf 81' lang='lat' dir='ltr'>salva</span> <span class='ocrx_word' id='word_1_6' title='bbox 801 283 915 324; x_wconf 85' lang='lat' dir='ltr'>esset,</span> <span class='ocrx_word' id='word_1_7' title='bbox 949 274 1153 326; x_wconf 85' lang='lat' dir='ltr'>parendum</span> <span class='ocrx_word' id='word_1_8' title='bbox 1180 282 1271 314; x_wconf 84' lang='lat' dir='ltr'>erat.</span> <span class='ocrx_word' id='word_1_9' title='bbox 1325 273 1617 315; x_wconf 80' lang='lat' dir='ltr'>Commovendus</span> <span class='ocrx_word' id='word_1_10' title='bbox 1642 272 1765 327; x_wconf 88' lang='lat' dir='ltr'>potius</span> <span class='ocrx_word' id='word_1_11' title='bbox 1790 285 1869 315; x_wconf 84' lang='lat' dir='ltr'>erat</span> <span class='ocrx_word' id='word_1_12' title='bbox 1894 275 2066 331; x_wconf 82' lang='lat' dir='ltr'>precibus</span> 
     </span>
     <span class='ocr_line' id='line_1_3' title="bbox 204 335 2067 389; baseline 0.001 -12"><span class='ocrx_word' id='word_1_13' title='bbox 204 337 619 388; x_wconf 76' lang='lat' dir='ltr'>adhortationibusque,</span> <span class='ocrx_word' id='word_1_14' title='bbox 668 351 714 376; x_wconf 90' lang='lat' dir='ltr'>ne</span> <span class='ocrx_word' id='word_1_15' title='bbox 750 335 839 386; x_wconf 88' lang='lat' dir='ltr'>quid</span> <span class='ocrx_word' id='word_1_16' title='bbox 876 335 1017 374; x_wconf 75' lang='lat' dir='ltr'>nefarie</span> <span class='ocrx_word' id='word_1_17' title='bbox 1051 335 1090 374; x_wconf 89' lang='lat' dir='ltr'>in</span> <span class='ocrx_word' id='word_1_18' title='bbox 1129 335 1339 389; x_wconf 82' lang='lat' dir='ltr'>Polynicem</span> <span class='ocrx_word' id='word_1_19' title='bbox 1376 343 1569 386; x_wconf 72' lang='lat' dir='ltr'>statueret,</span> <span class='ocrx_word' id='word_1_20' title='bbox 1610 349 1721 387; x_wconf 75' lang='lat' dir='ltr'>quam</span> <span class='ocrx_word' id='word_1_21' title='bbox 1759 335 1874 376; x_wconf 79' lang='lat' dir='ltr'>invito</span> <span class='ocrx_word' id='word_1_22' title='bbox 1911 342 2067 379; x_wconf 80' lang='lat' dir='ltr'>Creonte</span> 
     </span>
     <span class='ocr_line' id='line_1_4' title="bbox 204 396 2066 450; baseline 0.001 -12"><span class='ocrx_word' id='word_1_23' title='bbox 204 408 369 438; x_wconf 87' lang='lat' dir='ltr'>mortuus</span> <span class='ocrx_word' id='word_1_24' title='bbox 396 399 621 437; x_wconf 86' lang='lat' dir='ltr'>humaretur.</span> <span class='ocrx_word' id='word_1_25' title='bbox 677 398 786 445; x_wconf 78' lang='lat' dir='ltr'>Quod</span> <span class='ocrx_word' id='word_1_26' title='bbox 825 411 936 448; x_wconf 90' lang='lat' dir='ltr'>quum</span> <span class='ocrx_word' id='word_1_27' title='bbox 965 405 1093 449; x_wconf 82' lang='lat' dir='ltr'>postea</span> <span class='ocrx_word' id='word_1_28' title='bbox 1121 396 1284 436; x_wconf 73' lang='lat' dir='ltr'>Tiresias</span> <span class='ocrx_word' id='word_1_29' title='bbox 1311 397 1466 445; x_wconf 80' lang='lat' dir='ltr'>faceret,</span> <span class='ocrx_word' id='word_1_30' title='bbox 1503 411 1585 436; x_wconf 84' lang='lat' dir='ltr'>sero</span> <span class='ocrx_word' id='word_1_31' title='bbox 1611 398 1710 437; x_wconf 71' lang='lat' dir='ltr'>fecit.</span> <span class='ocrx_word' id='word_1_32' title='bbox 1777 401 1871 438; x_wconf 84' lang='lat' dir='ltr'>Nam</span> <span class='ocrx_word' id='word_1_33' title='bbox 1906 413 1982 450; x_wconf 88' lang='lat' dir='ltr'>qua</span> <span class='ocrx_word' id='word_1_34' title='bbox 2007 401 2066 439; x_wconf 89' lang='lat' dir='ltr'>in-</span> 
     </span>
     <span class='ocr_line' id='line_1_5' title="bbox 204 456 2067 512; baseline 0 -14"><span class='ocrx_word' id='word_1_35' title='bbox 204 459 448 511; x_wconf 73' lang='lat' dir='ltr'>temperantia</span> <span class='ocrx_word' id='word_1_36' title='bbox 476 458 642 497; x_wconf 87' lang='lat' dir='ltr'>homines</span> <span class='ocrx_word' id='word_1_37' title='bbox 669 472 775 496; x_wconf 93' lang='lat' dir='ltr'>suum</span> <span class='ocrx_word' id='word_1_38' title='bbox 804 457 876 496; x_wconf 89' lang='lat' dir='ltr'>iam</span> <span class='ocrx_word' id='word_1_39' title='bbox 903 456 1097 496; x_wconf 87' lang='lat' dir='ltr'>consilium</span> <span class='ocrx_word' id='word_1_40' title='bbox 1124 457 1239 496; x_wconf 87' lang='lat' dir='ltr'>secuti</span> <span class='ocrx_word' id='word_1_41' title='bbox 1266 466 1382 503; x_wconf 83' lang='lat' dir='ltr'>eraut,</span> <span class='ocrx_word' id='word_1_42' title='bbox 1412 457 1583 508; x_wconf 61' lang='lat' dir='ltr'>effectum</span> <span class='ocrx_word' id='word_1_43' title='bbox 1608 467 1698 508; x_wconf 90' lang='lat' dir='ltr'>erat,</span> <span class='ocrx_word' id='word_1_44' title='bbox 1725 467 1766 497; x_wconf 85' lang='lat' dir='ltr'>ut</span> <span class='ocrx_word' id='word_1_45' title='bbox 1792 459 1840 498; x_wconf 87' lang='lat' dir='ltr'>ad</span> <span class='ocrx_word' id='word_1_46' title='bbox 1862 460 2067 512; x_wconf 79' lang='lat' dir='ltr'>perdendos</span> 
     </span>
     <span class='ocr_line' id='line_1_6' title="bbox 204 517 2067 570; baseline -0.001 -10"><span class='ocrx_word' id='word_1_47' title='bbox 204 520 254 561; x_wconf 87' lang='lat' dir='ltr'>ad</span> <span class='ocrx_word' id='word_1_48' title='bbox 281 534 393 559; x_wconf 92' lang='lat' dir='ltr'>unum</span> <span class='ocrx_word' id='word_1_49' title='bbox 422 533 547 559; x_wconf 90' lang='lat' dir='ltr'>omnes</span> <span class='ocrx_word' id='word_1_50' title='bbox 575 518 649 557; x_wconf 83' lang='lat' dir='ltr'>sata</span> <span class='ocrx_word' id='word_1_51' title='bbox 686 517 793 570; x_wconf 86' lang='lat' dir='ltr'>quasi</span> <span class='ocrx_word' id='word_1_52' title='bbox 820 525 983 557; x_wconf 88' lang='lat' dir='ltr'>ruerent.</span> <span class='ocrx_word' id='word_1_53' title='bbox 1047 517 1233 569; x_wconf 86' lang='lat' dir='ltr'>Antigona</span> <span class='ocrx_word' id='word_1_54' title='bbox 1259 517 1371 569; x_wconf 86' lang='lat' dir='ltr'>igitur</span> <span class='ocrx_word' id='word_1_55' title='bbox 1407 517 1504 569; x_wconf 90' lang='lat' dir='ltr'>quod</span> <span class='ocrx_word' id='word_1_56' title='bbox 1541 517 1656 558; x_wconf 76' lang='lat' dir='ltr'>invito</span> <span class='ocrx_word' id='word_1_57' title='bbox 1695 521 1873 565; x_wconf 83' lang='lat' dir='ltr'>Creonte,</span> <span class='ocrx_word' id='word_1_58' title='bbox 1910 520 2067 559; x_wconf 86' lang='lat' dir='ltr'>civitatis</span> 
     </span>
     <span class='ocr_line' id='line_1_7' title="bbox 205 579 2068 633; baseline 0 -13"><span class='ocrx_word' id='word_1_59' title='bbox 205 582 392 633; x_wconf 87' lang='lat' dir='ltr'>principe,</span> <span class='ocrx_word' id='word_1_60' title='bbox 429 582 575 619; x_wconf 80' lang='lat' dir='ltr'>fratrem</span> <span class='ocrx_word' id='word_1_61' title='bbox 613 580 773 631; x_wconf 86' lang='lat' dir='ltr'>sepelire</span> <span class='ocrx_word' id='word_1_62' title='bbox 808 579 984 625; x_wconf 79' lang='lat' dir='ltr'>instituit,</span> <span class='ocrx_word' id='word_1_63' title='bbox 1021 581 1200 632; x_wconf 84' lang='lat' dir='ltr'>peccavit.</span> <span class='ocrx_word' id='word_1_64' title='bbox 1265 583 1306 618; x_wconf 86' lang='lat' dir='ltr'>ln</span> <span class='ocrx_word' id='word_1_65' title='bbox 1334 593 1442 630; x_wconf 87' lang='lat' dir='ltr'>quam</span> <span class='ocrx_word' id='word_1_66' title='bbox 1469 582 1649 620; x_wconf 68' lang='lat' dir='ltr'>ren-teta</span> <span class='ocrx_word' id='word_1_67' title='bbox 1675 590 1711 619; x_wconf 88' lang='lat' dir='ltr'>et</span> <span class='ocrx_word' id='word_1_68' title='bbox 1737 580 1859 620; x_wconf 90' lang='lat' dir='ltr'>animo</span> <span class='ocrx_word' id='word_1_69' title='bbox 1886 591 1923 620; x_wconf 90' lang='lat' dir='ltr'>et</span> <span class='ocrx_word' id='word_1_70' title='bbox 1948 592 2068 621; x_wconf 90' lang='lat' dir='ltr'>mente</span> 
     </span>
     <span class='ocr_line' id='line_1_8' title="bbox 204 640 2069 693; baseline -0.001 -11"><span class='ocrx_word' id='word_1_71' title='bbox 204 641 436 690; x_wconf 63' lang='lat' dir='ltr'>insistebat,</span> <span class='ocrx_word' id='word_1_72' title='bbox 453 641 567 687; x_wconf 88' lang='lat' dir='ltr'>adeo,</span> <span class='ocrx_word' id='word_1_73' title='bbox 603 648 644 680; x_wconf 89' lang='lat' dir='ltr'>ut</span> <span class='ocrx_word' id='word_1_74' title='bbox 671 649 708 679; x_wconf 90' lang='lat' dir='ltr'>et</span> <span class='ocrx_word' id='word_1_75' title='bbox 734 642 913 679; x_wconf 83' lang='lat' dir='ltr'>Ismenam</span> <span class='ocrx_word' id='word_1_76' title='bbox 940 653 1124 690; x_wconf 87' lang='lat' dir='ltr'>sororem,</span> <span class='ocrx_word' id='word_1_77' title='bbox 1152 640 1423 688; x_wconf 82' lang='lat' dir='ltr'>adhortantem,</span> <span class='ocrx_word' id='word_1_78' title='bbox 1461 653 1507 677; x_wconf 90' lang='lat' dir='ltr'>ne</span> <span class='ocrx_word' id='word_1_79' title='bbox 1533 648 1669 679; x_wconf 87' lang='lat' dir='ltr'>temere</span> <span class='ocrx_word' id='word_1_80' title='bbox 1701 649 1838 679; x_wconf 83' lang='lat' dir='ltr'>tantum</span> <span class='ocrx_word' id='word_1_81' title='bbox 1865 641 2069 693; x_wconf 89' lang='lat' dir='ltr'>periculum</span> 
     </span>
     <span class='ocr_line' id='line_1_9' title="bbox 205 700 2068 754; baseline 0 -13"><span class='ocrx_word' id='word_1_82' title='bbox 205 703 363 751; x_wconf 86' lang='lat' dir='ltr'>subiret,</span> <span class='ocrx_word' id='word_1_83' title='bbox 403 701 623 740; x_wconf 88' lang='lat' dir='ltr'>contumelia</span> <span class='ocrx_word' id='word_1_84' title='bbox 660 701 840 750; x_wconf 84' lang='lat' dir='ltr'>afficeret,</span> <span class='ocrx_word' id='word_1_85' title='bbox 882 710 918 739; x_wconf 88' lang='lat' dir='ltr'>et</span> <span class='ocrx_word' id='word_1_86' title='bbox 953 715 1022 739; x_wconf 88' lang='lat' dir='ltr'>sua</span> <span class='ocrx_word' id='word_1_87' title='bbox 1058 701 1260 754; x_wconf 81' lang='lat' dir='ltr'>pertinacia</span> <span class='ocrx_word' id='word_1_88' title='bbox 1297 700 1519 753; x_wconf 80' lang='lat' dir='ltr'>pertinacem</span> <span class='ocrx_word' id='word_1_89' title='bbox 1558 702 1725 741; x_wconf 84' lang='lat' dir='ltr'>Creontis</span> <span class='ocrx_word' id='word_1_90' title='bbox 1760 702 1921 741; x_wconf 75' lang='lat' dir='ltr'>animum</span> <span class='ocrx_word' id='word_1_91' title='bbox 1949 702 2068 754; x_wconf 85' lang='lat' dir='ltr'>magis</span> 
     </span>
     <span class='ocr_line' id='line_1_10' title="bbox 206 761 2067 816; baseline -0.001 -12"><span class='ocrx_word' id='word_1_92' title='bbox 206 765 317 804; x_wconf 88' lang='lat' dir='ltr'>etiam</span> <span class='ocrx_word' id='word_1_93' title='bbox 345 771 595 816; x_wconf 85' lang='lat' dir='ltr'>exasperaret.</span> <span class='ocrx_word' id='word_1_94' title='bbox 656 762 785 800; x_wconf 85' lang='lat' dir='ltr'>Oblita</span> <span class='ocrx_word' id='word_1_95' title='bbox 813 771 885 811; x_wconf 90' lang='lat' dir='ltr'>est,</span> <span class='ocrx_word' id='word_1_96' title='bbox 922 771 1069 814; x_wconf 88' lang='lat' dir='ltr'>praeter</span> <span class='ocrx_word' id='word_1_97' title='bbox 1095 762 1267 814; x_wconf 85' lang='lat' dir='ltr'>pietatem</span> <span class='ocrx_word' id='word_1_98' title='bbox 1295 775 1382 812; x_wconf 89' lang='lat' dir='ltr'>erga</span> <span class='ocrx_word' id='word_1_99' title='bbox 1411 761 1500 800; x_wconf 89' lang='lat' dir='ltr'>deos</span> <span class='ocrx_word' id='word_1_100' title='bbox 1528 771 1563 801; x_wconf 91' lang='lat' dir='ltr'>et</span> <span class='ocrx_word' id='word_1_101' title='bbox 1589 762 1813 814; x_wconf 88' lang='lat' dir='ltr'>propinquos</span> <span class='ocrx_word' id='word_1_102' title='bbox 1850 777 1931 802; x_wconf 87' lang='lat' dir='ltr'>esse</span> <span class='ocrx_word' id='word_1_103' title='bbox 1958 763 2067 803; x_wconf 84' lang='lat' dir='ltr'>etiam</span> 
     </span>
     <span class='ocr_line' id='line_1_11' title="bbox 206 822 2068 876; baseline -0.002 -11"><span class='ocrx_word' id='word_1_104' title='bbox 206 826 282 866; x_wconf 85' lang='lat' dir='ltr'>alia</span> <span class='ocrx_word' id='word_1_105' title='bbox 310 826 430 865; x_wconf 88' lang='lat' dir='ltr'>officia</span> <span class='ocrx_word' id='word_1_106' title='bbox 457 825 505 863; x_wconf 88' lang='lat' dir='ltr'>ab</span> <span class='ocrx_word' id='word_1_107' title='bbox 534 822 743 862; x_wconf 88' lang='lat' dir='ltr'>hominibus</span> <span class='ocrx_word' id='word_1_108' title='bbox 771 822 1017 875; x_wconf 81' lang='lat' dir='ltr'>praestanda:</span> <span class='ocrx_word' id='word_1_109' title='bbox 1060 837 1154 872; x_wconf 89' lang='lat' dir='ltr'>quae</span> <span class='ocrx_word' id='word_1_110' title='bbox 1183 837 1296 872; x_wconf 90' lang='lat' dir='ltr'>quum</span> <span class='ocrx_word' id='word_1_111' title='bbox 1326 822 1550 873; x_wconf 82' lang='lat' dir='ltr'>negligeret,</span> <span class='ocrx_word' id='word_1_112' title='bbox 1580 822 1744 871; x_wconf 88' lang='lat' dir='ltr'>quamvis</span> <span class='ocrx_word' id='word_1_113' title='bbox 1770 823 1809 861; x_wconf 91' lang='lat' dir='ltr'>in</span> <span class='ocrx_word' id='word_1_114' title='bbox 1835 824 1981 862; x_wconf 81' lang='lat' dir='ltr'>fratrem</span> <span class='ocrx_word' id='word_1_115' title='bbox 2008 823 2068 876; x_wconf 90' lang='lat' dir='ltr'>pie</span> 
     </span>
     <span class='ocr_line' id='line_1_12' title="bbox 205 882 2068 935; baseline -0.002 -9"><span class='ocrx_word' id='word_1_116' title='bbox 205 888 363 935; x_wconf 82' lang='lat' dir='ltr'>faceret,</span> <span class='ocrx_word' id='word_1_117' title='bbox 401 895 522 925; x_wconf 88' lang='lat' dir='ltr'>tamen</span> <span class='ocrx_word' id='word_1_118' title='bbox 550 883 733 932; x_wconf 81' lang='lat' dir='ltr'>Iustitiae,</span> <span class='ocrx_word' id='word_1_119' title='bbox 768 898 864 934; x_wconf 88' lang='lat' dir='ltr'>quae</span> <span class='ocrx_word' id='word_1_120' title='bbox 890 884 1050 923; x_wconf 89' lang='lat' dir='ltr'>omnium</span> <span class='ocrx_word' id='word_1_121' title='bbox 1079 884 1280 923; x_wconf 85' lang='lat' dir='ltr'>officiorum</span> <span class='ocrx_word' id='word_1_122' title='bbox 1308 884 1355 921; x_wconf 90' lang='lat' dir='ltr'>ab</span> <span class='ocrx_word' id='word_1_123' title='bbox 1383 882 1592 921; x_wconf 83' lang='lat' dir='ltr'>hominibus</span> <span class='ocrx_word' id='word_1_124' title='bbox 1618 884 1918 935; x_wconf 74' lang='lat' dir='ltr'>praestantiorum</span> <span class='ocrx_word' id='word_1_125' title='bbox 1945 898 2068 924; x_wconf 87' lang='lat' dir='ltr'>curam</span> 
     </span>
     <span class='ocr_line' id='line_1_13' title="bbox 206 942 2069 1000; baseline -0.002 -14"><span class='ocrx_word' id='word_1_126' title='bbox 206 947 301 1000; x_wconf 83' lang='lat' dir='ltr'>gerit</span> <span class='ocrx_word' id='word_1_127' title='bbox 329 955 365 985; x_wconf 87' lang='lat' dir='ltr'>et</span> <span class='ocrx_word' id='word_1_128' title='bbox 390 943 681 999; x_wconf 83' lang='lat' dir='ltr'>providentiam,</span> <span class='ocrx_word' id='word_1_129' title='bbox 708 943 976 982; x_wconf 87' lang='lat' dir='ltr'>sanctissimum</span> <span class='ocrx_word' id='word_1_130' title='bbox 1003 957 1137 982; x_wconf 91' lang='lat' dir='ltr'>numen</span> <span class='ocrx_word' id='word_1_131' title='bbox 1164 943 1398 981; x_wconf 84' lang='lat' dir='ltr'>vehementer</span> <span class='ocrx_word' id='word_1_132' title='bbox 1423 942 1533 982; x_wconf 87' lang='lat' dir='ltr'>laesit</span> <span class='ocrx_word' id='word_1_133' title='bbox 1560 943 1650 983; x_wconf 84' lang='lat'>853.</span> <span class='ocrx_word' id='word_1_134' title='bbox 1677 945 1766 983; x_wconf 90' lang='lat'>872.</span> <span class='ocrx_word' id='word_1_135' title='bbox 1822 948 1949 994; x_wconf 82' lang='lat' dir='ltr'>ltaque</span> <span class='ocrx_word' id='word_1_136' title='bbox 1976 945 2069 983; x_wconf 88' lang='lat' dir='ltr'>hanc</span> 
     </span>
     <span class='ocr_line' id='line_1_14' title="bbox 205 1003 2068 1061; baseline -0.002 -14"><span class='ocrx_word' id='word_1_137' title='bbox 205 1008 370 1061; x_wconf 81' lang='lat' dir='ltr'>perdidit</span> <span class='ocrx_word' id='word_1_138' title='bbox 397 1008 514 1056; x_wconf 81' lang='grc' dir='ltr'><strong><em>λόγου</em></strong></span> <span class='ocrx_word' id='word_1_139' title='bbox 539 1005 576 1044; x_wconf 83' lang='grc' dir='ltr'>τ’</span> <span class='ocrx_word' id='word_1_140' title='bbox 605 1006 723 1044; x_wconf 83' lang='grc' dir='ltr'><strong><em>ἄνοια</em></strong></span> <span class='ocrx_word' id='word_1_141' title='bbox 750 1009 814 1044; x_wconf 78' lang='grc' dir='ltr'>καὶ</span> <span class='ocrx_word' id='word_1_142' title='bbox 840 1007 992 1056; x_wconf 84' lang='grc' dir='ltr'><em>φρενῶν</em></span> <span class='ocrx_word' id='word_1_143' title='bbox 1015 1003 1163 1055; x_wconf 75' lang='grc' dir='ltr'><em>Ἐρινύς</em></span> <span class='ocrx_word' id='word_1_144' title='bbox 1187 1005 1284 1053; x_wconf 85' lang='grc'><strong>603,</strong></span> <span class='ocrx_word' id='word_1_145' title='bbox 1318 1013 1354 1042; x_wconf 90' lang='lat' dir='ltr'>et</span> <span class='ocrx_word' id='word_1_146' title='bbox 1381 1004 1614 1053; x_wconf 76' lang='grc' dir='ltr'><em>αὐτόγνωτος</em></span> <span class='ocrx_word' id='word_1_147' title='bbox 1639 1004 1737 1056; x_wconf 77' lang='grc' dir='ltr'><em>ὀργά</em></span> <span class='ocrx_word' id='word_1_148' title='bbox 1762 1005 1857 1054; x_wconf 85' lang='grc'><strong><em>875,</em></strong></span> <span class='ocrx_word' id='word_1_149' title='bbox 1893 1014 1933 1044; x_wconf 82' lang='lat' dir='ltr'>ut</span> <span class='ocrx_word' id='word_1_150' title='bbox 1959 1005 2068 1044; x_wconf 89' lang='lat' dir='ltr'>etiam</span> 
     </span>
     <span class='ocr_line' id='line_1_15' title="bbox 206 1064 2069 1120; baseline -0.002 -13"><span class='ocrx_word' id='word_1_151' title='bbox 206 1069 286 1107; x_wconf 88' lang='lat' dir='ltr'>filia</span> <span class='ocrx_word' id='word_1_152' title='bbox 313 1080 452 1120; x_wconf 86' lang='lat' dir='ltr'>poenas</span> <span class='ocrx_word' id='word_1_153' title='bbox 479 1065 703 1117; x_wconf 76' lang='lat' dir='ltr'>persolveret</span> <span class='ocrx_word' id='word_1_154' title='bbox 729 1064 929 1108; x_wconf 88' lang='lat' dir='ltr'>malorum,</span> <span class='ocrx_word' id='word_1_155' title='bbox 968 1076 1064 1113; x_wconf 88' lang='lat' dir='ltr'>quae</span> <span class='ocrx_word' id='word_1_156' title='bbox 1101 1077 1124 1101; x_wconf 91' lang='lat' dir='ltr'>a</span> <span class='ocrx_word' id='word_1_157' title='bbox 1160 1072 1264 1114; x_wconf 88' lang='lat' dir='ltr'>patre</span> <span class='ocrx_word' id='word_1_158' title='bbox 1298 1065 1461 1114; x_wconf 85' lang='lat' dir='ltr'>prosecta</span> <span class='ocrx_word' id='word_1_159' title='bbox 1497 1064 1535 1100; x_wconf 90' lang='lat' dir='ltr'>in</span> <span class='ocrx_word' id='word_1_160' title='bbox 1563 1077 1702 1102; x_wconf 89' lang='lat' dir='ltr'>omnem</span> <span class='ocrx_word' id='word_1_161' title='bbox 1730 1074 1874 1114; x_wconf 83' lang='lat' dir='ltr'>gentem</span> <span class='ocrx_word' id='word_1_162' title='bbox 1901 1065 2069 1104; x_wconf 85' lang='lat' dir='ltr'>dimana-</span> 
     </span>
     <span class='ocr_line' id='line_1_16' title="bbox 207 1122 2069 1177; baseline -0.001 -10"><span class='ocrx_word' id='word_1_163' title='bbox 207 1137 337 1167; x_wconf 78' lang='lat' dir='ltr'>verant</span> <span class='ocrx_word' id='word_1_164' title='bbox 363 1127 441 1167; x_wconf 82' lang='lat'>856</span> <span class='ocrx_word' id='word_1_165' title='bbox 461 1141 543 1177; x_wconf 86' lang='lat' dir='ltr'>sqq.</span> <span class='ocrx_word' id='word_1_166' title='bbox 597 1127 690 1164; x_wconf 86' lang='lat' dir='ltr'>Nam</span> <span class='ocrx_word' id='word_1_167' title='bbox 718 1123 785 1163; x_wconf 82' lang='lat' dir='ltr'>sati</span> <span class='ocrx_word' id='word_1_168' title='bbox 813 1123 987 1162; x_wconf 87' lang='lat' dir='ltr'>divinitus</span> <span class='ocrx_word' id='word_1_169' title='bbox 1015 1123 1198 1162; x_wconf 88' lang='lat' dir='ltr'>constituti</span> <span class='ocrx_word' id='word_1_170' title='bbox 1226 1123 1282 1162; x_wconf 87' lang='lat' dir='ltr'>vis</span> <span class='ocrx_word' id='word_1_171' title='bbox 1308 1122 1444 1162; x_wconf 81' lang='lat' dir='ltr'>invicta</span> <span class='ocrx_word' id='word_1_172' title='bbox 1472 1132 1527 1162; x_wconf 87' lang='lat' dir='ltr'>est</span> <span class='ocrx_word' id='word_1_173' title='bbox 1553 1137 1620 1161; x_wconf 85' lang='lat' dir='ltr'>nec</span> <span class='ocrx_word' id='word_1_174' title='bbox 1646 1124 1775 1163; x_wconf 75' lang='lat' dir='ltr'>evitari</span> <span class='ocrx_word' id='word_1_175' title='bbox 1802 1134 1942 1177; x_wconf 84' lang='lat' dir='ltr'>potest:</span> <span class='ocrx_word' id='word_1_176' title='bbox 1971 1126 2069 1177; x_wconf 84' lang='lat' dir='ltr'>quod</span> 
     </span>
     <span class='ocr_line' id='line_1_17' title="bbox 208 1183 2068 1238; baseline -0.001 -10"><span class='ocrx_word' id='word_1_177' title='bbox 208 1189 355 1230; x_wconf 87' lang='lat' dir='ltr'>Chorus</span> <span class='ocrx_word' id='word_1_178' title='bbox 382 1187 543 1226; x_wconf 81' lang='lat' dir='ltr'>carmine</span> <span class='ocrx_word' id='word_1_179' title='bbox 570 1199 637 1225; x_wconf 79' lang='lat' dir='ltr'>suo</span> <span class='ocrx_word' id='word_1_180' title='bbox 664 1184 744 1224; x_wconf 78' lang='lat'>944</span> <span class='ocrx_word' id='word_1_181' title='bbox 771 1198 853 1235; x_wconf 90' lang='lat' dir='ltr'>sqq.</span> <span class='ocrx_word' id='word_1_182' title='bbox 881 1185 1123 1238; x_wconf 82' lang='lat' dir='ltr'>probaturus,</span> <span class='ocrx_word' id='word_1_183' title='bbox 1161 1197 1205 1223; x_wconf 86' lang='lat' dir='ltr'>ea</span> <span class='ocrx_word' id='word_1_184' title='bbox 1232 1184 1403 1235; x_wconf 85' lang='lat' dir='ltr'>exempla</span> <span class='ocrx_word' id='word_1_185' title='bbox 1430 1184 1568 1230; x_wconf 89' lang='lat' dir='ltr'>attulit,</span> <span class='ocrx_word' id='word_1_186' title='bbox 1605 1183 1642 1223; x_wconf 91' lang='lat' dir='ltr'>in</span> <span class='ocrx_word' id='word_1_187' title='bbox 1671 1185 1805 1234; x_wconf 88' lang='lat' dir='ltr'>quibus</span> <span class='ocrx_word' id='word_1_188' title='bbox 1842 1186 1983 1238; x_wconf 87' lang='lat' dir='ltr'>aliquid</span> <span class='ocrx_word' id='word_1_189' title='bbox 2010 1187 2068 1226; x_wconf 91' lang='lat' dir='ltr'>in-</span> 
     </span>
     <span class='ocr_line' id='line_1_18' title="bbox 207 1244 1991 1298; baseline -0.001 -9"><span class='ocrx_word' id='word_1_190' title='bbox 207 1257 304 1290; x_wconf 80' lang='lat' dir='ltr'>esset</span> <span class='ocrx_word' id='word_1_191' title='bbox 330 1248 378 1288; x_wconf 91' lang='lat' dir='ltr'>ad</span> <span class='ocrx_word' id='word_1_192' title='bbox 406 1247 569 1287; x_wconf 89' lang='lat' dir='ltr'>animum</span> <span class='ocrx_word' id='word_1_193' title='bbox 595 1245 819 1297; x_wconf 84' lang='lat' dir='ltr'>Antigonae,</span> <span class='ocrx_word' id='word_1_194' title='bbox 848 1258 943 1296; x_wconf 87' lang='lat' dir='ltr'>quae</span> <span class='ocrx_word' id='word_1_195' title='bbox 969 1244 1125 1284; x_wconf 81' lang='lat' dir='ltr'>similem</span> <span class='ocrx_word' id='word_1_196' title='bbox 1153 1258 1277 1284; x_wconf 87' lang='lat' dir='ltr'>casum</span> <span class='ocrx_word' id='word_1_197' title='bbox 1304 1244 1470 1284; x_wconf 83' lang='lat' dir='ltr'>subitura</span> <span class='ocrx_word' id='word_1_198' title='bbox 1496 1253 1612 1295; x_wconf 86' lang='lat' dir='ltr'>esset,</span> <span class='ocrx_word' id='word_1_199' title='bbox 1648 1246 1991 1298; x_wconf 70' lang='lat' dir='ltr'>confirmandum*).</span> 
     </span>
    </p>
   </div>
   <div class='ocr_carea' id='block_1_3' title="bbox 178 1328 2070 2170">
    <p class='ocr_par' dir='ltr' id='par_1_3' title="bbox 178 1328 2070 2170">
     <span class='ocr_line' id='line_1_19' title="bbox 313 1328 2067 1384; baseline 0 -12"><span class='ocrx_word' id='word_1_200' title='bbox 313 1333 501 1384; x_wconf 87' lang='lat' dir='ltr'>Deinceps</span> <span class='ocrx_word' id='word_1_201' title='bbox 538 1331 585 1370; x_wconf 90' lang='lat' dir='ltr'>de</span> <span class='ocrx_word' id='word_1_202' title='bbox 622 1333 779 1370; x_wconf 86' lang='lat' dir='ltr'>Creonte</span> <span class='ocrx_word' id='word_1_203' title='bbox 816 1328 1012 1369; x_wconf 80' lang='lat' dir='ltr'>videndum</span> <span class='ocrx_word' id='word_1_204' title='bbox 1049 1336 1118 1368; x_wconf 88' lang='lat' dir='ltr'>est.</span> <span class='ocrx_word' id='word_1_205' title='bbox 1184 1328 1260 1376; x_wconf 78' lang='lat' dir='ltr'>Qui</span> <span class='ocrx_word' id='word_1_206' title='bbox 1295 1328 1600 1382; x_wconf 86' lang='lat' dir='ltr'>prudentissimus</span> <span class='ocrx_word' id='word_1_207' title='bbox 1627 1343 1708 1369; x_wconf 84' lang='lat' dir='ltr'>esse</span> <span class='ocrx_word' id='word_1_208' title='bbox 1744 1330 1970 1383; x_wconf 86' lang='lat' dir='ltr'>reipublicae</span> <span class='ocrx_word' id='word_1_209' title='bbox 1996 1347 2067 1384; x_wconf 88' lang='lat' dir='ltr'>gu-</span> 
     </span>
     <span class='ocr_line' id='line_1_20' title="bbox 209 1389 2069 1441; baseline -0.001 -6"><span class='ocrx_word' id='word_1_210' title='bbox 209 1394 424 1435; x_wconf 87' lang='lat' dir='ltr'>bernandae</span> <span class='ocrx_word' id='word_1_211' title='bbox 462 1400 589 1431; x_wconf 86' lang='lat' dir='ltr'>auctor</span> <span class='ocrx_word' id='word_1_212' title='bbox 625 1391 782 1430; x_wconf 84' lang='lat' dir='ltr'>videtur.</span> <span class='ocrx_word' id='word_1_213' title='bbox 846 1393 942 1429; x_wconf 85' lang='lat' dir='ltr'>Nam</span> <span class='ocrx_word' id='word_1_214' title='bbox 978 1389 1077 1440; x_wconf 93' lang='lat' dir='ltr'>quod</span> <span class='ocrx_word' id='word_1_215' title='bbox 1113 1389 1343 1441; x_wconf 88' lang='lat' dir='ltr'>potissimum</span> <span class='ocrx_word' id='word_1_216' title='bbox 1379 1404 1419 1428; x_wconf 89' lang='lat' dir='ltr'>se</span> <span class='ocrx_word' id='word_1_217' title='bbox 1455 1389 1493 1427; x_wconf 91' lang='lat' dir='ltr'>iu</span> <span class='ocrx_word' id='word_1_218' title='bbox 1529 1389 1826 1431; x_wconf 85' lang='lat' dir='ltr'>administrandis</span> <span class='ocrx_word' id='word_1_219' title='bbox 1861 1393 1972 1432; x_wconf 86' lang='lat' dir='ltr'>rebus</span> <span class='ocrx_word' id='word_1_220' title='bbox 2007 1408 2069 1433; x_wconf 92' lang='lat' dir='ltr'>se·</span> 
     </span>
     <span class='ocr_line' id='line_1_21' title="bbox 208 1449 2069 1505; baseline -0.001 -10"><span class='ocrx_word' id='word_1_221' title='bbox 208 1464 376 1495; x_wconf 87' lang='lat' dir='ltr'>cuturum</span> <span class='ocrx_word' id='word_1_222' title='bbox 403 1467 485 1493; x_wconf 92' lang='lat' dir='ltr'>esse</span> <span class='ocrx_word' id='word_1_223' title='bbox 512 1451 655 1491; x_wconf 85' lang='lat' dir='ltr'>civibus</span> <span class='ocrx_word' id='word_1_224' title='bbox 682 1450 835 1504; x_wconf 85' lang='lat' dir='ltr'>exponit</span> <span class='ocrx_word' id='word_1_225' title='bbox 864 1451 939 1490; x_wconf 81' lang='lat'>162</span> <span class='ocrx_word' id='word_1_226' title='bbox 965 1464 1061 1501; x_wconf 66' lang='lat' dir='ltr'>sqq„</span> <span class='ocrx_word' id='word_1_227' title='bbox 1101 1449 1248 1500; x_wconf 87' lang='lat' dir='ltr'>deinde,</span> <span class='ocrx_word' id='word_1_228' title='bbox 1275 1449 1409 1501; x_wconf 85' lang='lat' dir='ltr'>quibus</span> <span class='ocrx_word' id='word_1_229' title='bbox 1435 1450 1545 1489; x_wconf 87' lang='lat' dir='ltr'>rebus</span> <span class='ocrx_word' id='word_1_230' title='bbox 1572 1450 1747 1490; x_wconf 84' lang='lat' dir='ltr'>utilitates</span> <span class='ocrx_word' id='word_1_231' title='bbox 1773 1461 1808 1490; x_wconf 88' lang='lat' dir='ltr'>et</span> <span class='ocrx_word' id='word_1_232' title='bbox 1834 1452 2007 1505; x_wconf 88' lang='lat' dir='ltr'>publicae</span> <span class='ocrx_word' id='word_1_233' title='bbox 2034 1464 2069 1494; x_wconf 92' lang='lat' dir='ltr'>et</span> 
     </span>
     <span class='ocr_line' id='line_1_22' title="bbox 208 1507 2070 1570; baseline -0.001 -15"><span class='ocrx_word' id='word_1_234' title='bbox 208 1515 377 1570; x_wconf 84' lang='lat' dir='ltr'>privatae</span> <span class='ocrx_word' id='word_1_235' title='bbox 404 1522 678 1566; x_wconf 86' lang='lat' dir='ltr'>comparentur,</span> <span class='ocrx_word' id='word_1_236' title='bbox 715 1512 850 1563; x_wconf 88' lang='lat' dir='ltr'>quibus</span> <span class='ocrx_word' id='word_1_237' title='bbox 886 1525 959 1550; x_wconf 91' lang='lat' dir='ltr'>non</span> <span class='ocrx_word' id='word_1_238' title='bbox 986 1507 1243 1563; x_wconf 84' lang='lat' dir='ltr'>comparentur</span> <span class='ocrx_word' id='word_1_239' title='bbox 1277 1511 1355 1550; x_wconf 84' lang='lat'>295</span> <span class='ocrx_word' id='word_1_240' title='bbox 1381 1525 1465 1562; x_wconf 90' lang='lat' dir='ltr'>sqq.</span> <span class='ocrx_word' id='word_1_241' title='bbox 1500 1510 1576 1550; x_wconf 80' lang='lat'>641</span> <span class='ocrx_word' id='word_1_242' title='bbox 1604 1525 1708 1564; x_wconf 68' lang='lat' dir='ltr'>sqq„</span> <span class='ocrx_word' id='word_1_243' title='bbox 1747 1511 1838 1552; x_wconf 87' lang='lat' dir='ltr'>satis</span> <span class='ocrx_word' id='word_1_244' title='bbox 1874 1514 2070 1565; x_wconf 86' lang='lat' dir='ltr'>prudenter</span> 
     </span>
     <span class='ocr_line' id='line_1_23' title="bbox 210 1570 2069 1629; baseline -0.001 -13"><span class='ocrx_word' id='word_1_245' title='bbox 210 1575 377 1629; x_wconf 85' lang='lat' dir='ltr'>exponit.</span> <span class='ocrx_word' id='word_1_246' title='bbox 431 1574 508 1613; x_wconf 86' lang='lat' dir='ltr'>Sed</span> <span class='ocrx_word' id='word_1_247' title='bbox 536 1588 649 1624; x_wconf 91' lang='lat' dir='ltr'>quum</span> <span class='ocrx_word' id='word_1_248' title='bbox 677 1571 904 1624; x_wconf 88' lang='lat' dir='ltr'>reipublicae</span> <span class='ocrx_word' id='word_1_249' title='bbox 930 1571 1134 1611; x_wconf 87' lang='lat' dir='ltr'>rationibus</span> <span class='ocrx_word' id='word_1_250' title='bbox 1162 1586 1202 1611; x_wconf 89' lang='lat' dir='ltr'>se</span> <span class='ocrx_word' id='word_1_251' title='bbox 1228 1570 1439 1625; x_wconf 86' lang='lat' dir='ltr'>prospicere</span> <span class='ocrx_word' id='word_1_252' title='bbox 1474 1580 1511 1610; x_wconf 88' lang='lat' dir='ltr'>et</span> <span class='ocrx_word' id='word_1_253' title='bbox 1536 1581 1637 1624; x_wconf 87' lang='lat' dir='ltr'>putet</span> <span class='ocrx_word' id='word_1_254' title='bbox 1665 1582 1702 1611; x_wconf 87' lang='lat' dir='ltr'>et</span> <span class='ocrx_word' id='word_1_255' title='bbox 1726 1573 1957 1626; x_wconf 86' lang='lat' dir='ltr'>profiteatur,</span> <span class='ocrx_word' id='word_1_256' title='bbox 1997 1591 2069 1615; x_wconf 90' lang='lat' dir='ltr'>non</span> 
     </span>
     <span class='ocr_line' id='line_1_24' title="bbox 208 1631 2070 1690; baseline -0.001 -14"><span class='ocrx_word' id='word_1_257' title='bbox 208 1635 401 1690; x_wconf 80' lang='lat' dir='ltr'>prospicit.</span> <span class='ocrx_word' id='word_1_258' title='bbox 462 1637 505 1673; x_wconf 80' lang='lat' dir='ltr'>ln</span> <span class='ocrx_word' id='word_1_259' title='bbox 540 1647 629 1673; x_wconf 83' lang='lat' dir='ltr'>suas</span> <span class='ocrx_word' id='word_1_260' title='bbox 666 1632 763 1672; x_wconf 89' lang='lat' dir='ltr'>enim</span> <span class='ocrx_word' id='word_1_261' title='bbox 798 1646 857 1671; x_wconf 88' lang='lat' dir='ltr'>res</span> <span class='ocrx_word' id='word_1_262' title='bbox 894 1631 1055 1671; x_wconf 84' lang='lat' dir='ltr'>intentus</span> <span class='ocrx_word' id='word_1_263' title='bbox 1082 1631 1230 1678; x_wconf 87' lang='lat' dir='ltr'>civiles,</span> <span class='ocrx_word' id='word_1_264' title='bbox 1268 1632 1413 1671; x_wconf 84' lang='lat' dir='ltr'>divinas</span> <span class='ocrx_word' id='word_1_265' title='bbox 1439 1632 1713 1684; x_wconf 87' lang='lat' dir='ltr'>praetermittit,</span> <span class='ocrx_word' id='word_1_266' title='bbox 1750 1642 1861 1686; x_wconf 87' lang='lat' dir='ltr'>atque</span> <span class='ocrx_word' id='word_1_267' title='bbox 1886 1635 2070 1687; x_wconf 86' lang='lat' dir='ltr'>opinionis</span> 
     </span>
     <span class='ocr_line' id='line_1_25' title="bbox 211 1692 2069 1747; baseline -0.001 -10"><span class='ocrx_word' id='word_1_268' title='bbox 211 1710 303 1737; x_wconf 82' lang='lat' dir='ltr'>suae</span> <span class='ocrx_word' id='word_1_269' title='bbox 330 1709 453 1735; x_wconf 88' lang='lat' dir='ltr'>errore</span> <span class='ocrx_word' id='word_1_270' title='bbox 479 1694 573 1733; x_wconf 91' lang='lat' dir='ltr'>adeo</span> <span class='ocrx_word' id='word_1_271' title='bbox 601 1693 767 1741; x_wconf 84' lang='lat' dir='ltr'>ducitur,</span> <span class='ocrx_word' id='word_1_272' title='bbox 803 1700 843 1730; x_wconf 89' lang='lat' dir='ltr'>ut</span> <span class='ocrx_word' id='word_1_273' title='bbox 869 1692 918 1730; x_wconf 86' lang='lat' dir='ltr'>ad</span> <span class='ocrx_word' id='word_1_274' title='bbox 944 1706 1045 1740; x_wconf 90' lang='lat' dir='ltr'>eam,</span> <span class='ocrx_word' id='word_1_275' title='bbox 1072 1706 1182 1743; x_wconf 88' lang='lat' dir='ltr'>quam</span> <span class='ocrx_word' id='word_1_276' title='bbox 1207 1692 1290 1743; x_wconf 87' lang='lat' dir='ltr'>ipse</span> <span class='ocrx_word' id='word_1_277' title='bbox 1316 1692 1388 1730; x_wconf 87' lang='lat' dir='ltr'>sibi</span> <span class='ocrx_word' id='word_1_278' title='bbox 1414 1692 1541 1741; x_wconf 85' lang='lat' dir='ltr'>finxit,</span> <span class='ocrx_word' id='word_1_279' title='bbox 1567 1693 1816 1732; x_wconf 84' lang='lat' dir='ltr'>auctoritatem</span> <span class='ocrx_word' id='word_1_280' title='bbox 1843 1694 2069 1747; x_wconf 88' lang='lat' dir='ltr'>reipublicae</span> 
     </span>
     <span class='ocr_line' id='line_1_26' title="bbox 178 1751 2069 1808; baseline 0 -11"><span class='ocrx_word' id='word_1_281' title='bbox 178 1803 181 1807; x_wconf 72' lang='lat'>.</span> <span class='ocrx_word' id='word_1_282' title='bbox 210 1757 386 1798; x_wconf 87' lang='lat' dir='ltr'>tuendam</span> <span class='ocrx_word' id='word_1_283' title='bbox 419 1763 455 1794; x_wconf 87' lang='lat' dir='ltr'>et</span> <span class='ocrx_word' id='word_1_284' title='bbox 481 1754 598 1793; x_wconf 84' lang='lat' dir='ltr'>civem</span> <span class='ocrx_word' id='word_1_285' title='bbox 625 1762 663 1793; x_wconf 89' lang='lat' dir='ltr'>et</span> <span class='ocrx_word' id='word_1_286' title='bbox 688 1752 823 1793; x_wconf 85' lang='lat' dir='ltr'>sororis</span> <span class='ocrx_word' id='word_1_287' title='bbox 848 1752 966 1791; x_wconf 90' lang='lat' dir='ltr'>filium</span> <span class='ocrx_word' id='word_1_288' title='bbox 993 1761 1030 1791; x_wconf 86' lang='lat' dir='ltr'>et</span> <span class='ocrx_word' id='word_1_289' title='bbox 1055 1751 1215 1803; x_wconf 88' lang='lat' dir='ltr'>denique</span> <span class='ocrx_word' id='word_1_290' title='bbox 1240 1751 1423 1791; x_wconf 89' lang='lat' dir='ltr'>hominem</span> <span class='ocrx_word' id='word_1_291' title='bbox 1450 1761 1630 1799; x_wconf 87' lang='lat' dir='ltr'>mortuum</span> <span class='ocrx_word' id='word_1_292' title='bbox 1658 1753 1808 1793; x_wconf 88' lang='lat' dir='ltr'>abiiciat</span> <span class='ocrx_word' id='word_1_293' title='bbox 1833 1752 2069 1808; x_wconf 86' lang='lat' dir='ltr'>insepultum.</span> 
     </span>
     <span class='ocr_line' id='line_1_27' title="bbox 209 1812 2070 1867; baseline -0.002 -9"><span class='ocrx_word' id='word_1_294' title='bbox 209 1820 253 1858; x_wconf 88' lang='lat' dir='ltr'>ln</span> <span class='ocrx_word' id='word_1_295' title='bbox 279 1816 408 1856; x_wconf 86' lang='lat' dir='ltr'>eadem</span> <span class='ocrx_word' id='word_1_296' title='bbox 436 1823 491 1853; x_wconf 87' lang='lat' dir='ltr'>est</span> <span class='ocrx_word' id='word_1_297' title='bbox 517 1814 630 1864; x_wconf 87' lang='lat' dir='ltr'>igitur</span> <span class='ocrx_word' id='word_1_298' title='bbox 656 1828 786 1863; x_wconf 87' lang='lat' dir='ltr'>causa,</span> <span class='ocrx_word' id='word_1_299' title='bbox 814 1827 888 1865; x_wconf 90' lang='lat' dir='ltr'>qua</span> <span class='ocrx_word' id='word_1_300' title='bbox 914 1812 1124 1864; x_wconf 81' lang='lat' dir='ltr'>Antigona3</span> <span class='ocrx_word' id='word_1_301' title='bbox 1168 1812 1229 1851; x_wconf 81' lang='lat' dir='ltr'>hic</span> <span class='ocrx_word' id='word_1_302' title='bbox 1256 1821 1295 1851; x_wconf 90' lang='lat' dir='ltr'>ut</span> <span class='ocrx_word' id='word_1_303' title='bbox 1320 1813 1424 1864; x_wconf 87' lang='lat' dir='ltr'>leges</span> <span class='ocrx_word' id='word_1_304' title='bbox 1450 1812 1577 1853; x_wconf 88' lang='lat' dir='ltr'>civiles</span> <span class='ocrx_word' id='word_1_305' title='bbox 1605 1813 1795 1864; x_wconf 82' lang='lat' dir='ltr'>defendat,</span> <span class='ocrx_word' id='word_1_306' title='bbox 1832 1816 1987 1867; x_wconf 81' lang='lat' dir='ltr'>negligit</span> <span class='ocrx_word' id='word_1_307' title='bbox 2011 1817 2070 1855; x_wconf 89' lang='lat' dir='ltr'>di-</span> 
     </span>
     <span class='ocr_line' id='line_1_28' title="bbox 209 1872 2069 1924; baseline -0.001 -6"><span class='ocrx_word' id='word_1_308' title='bbox 209 1879 335 1924; x_wconf 85' lang='lat' dir='ltr'>vinas,</span> <span class='ocrx_word' id='word_1_309' title='bbox 370 1876 439 1914; x_wconf 90' lang='lat' dir='ltr'>illa</span> <span class='ocrx_word' id='word_1_310' title='bbox 466 1883 505 1913; x_wconf 88' lang='lat' dir='ltr'>ut</span> <span class='ocrx_word' id='word_1_311' title='bbox 532 1874 622 1913; x_wconf 86' lang='lat' dir='ltr'>deos</span> <span class='ocrx_word' id='word_1_312' title='bbox 648 1874 764 1919; x_wconf 87' lang='lat' dir='ltr'>colat,</span> <span class='ocrx_word' id='word_1_313' title='bbox 801 1873 1004 1924; x_wconf 88' lang='lat' dir='ltr'>principem</span> <span class='ocrx_word' id='word_1_314' title='bbox 1031 1872 1189 1911; x_wconf 86' lang='lat' dir='ltr'>civitatis</span> <span class='ocrx_word' id='word_1_315' title='bbox 1215 1874 1426 1914; x_wconf 88' lang='lat' dir='ltr'>contemnit.</span> <span class='ocrx_word' id='word_1_316' title='bbox 1485 1876 1615 1923; x_wconf 86' lang='lat' dir='ltr'>Neque</span> <span class='ocrx_word' id='word_1_317' title='bbox 1641 1888 1727 1912; x_wconf 84' lang='lat' dir='ltr'>vero</span> <span class='ocrx_word' id='word_1_318' title='bbox 1753 1888 1825 1913; x_wconf 88' lang='lat' dir='ltr'>non</span> <span class='ocrx_word' id='word_1_319' title='bbox 1853 1876 1981 1915; x_wconf 90' lang='lat' dir='ltr'>eodem</span> <span class='ocrx_word' id='word_1_320' title='bbox 2008 1892 2069 1916; x_wconf 87' lang='lat' dir='ltr'>ar-</span> 
     </span>
     <span class='ocr_line' id='line_1_29' title="bbox 209 1931 2069 1989; baseline -0.001 -11"><span class='ocrx_word' id='word_1_321' title='bbox 209 1939 299 1979; x_wconf 90' lang='lat' dir='ltr'>dore</span> <span class='ocrx_word' id='word_1_322' title='bbox 334 1936 535 1988; x_wconf 85' lang='lat' dir='ltr'>eademque</span> <span class='ocrx_word' id='word_1_323' title='bbox 571 1933 772 1987; x_wconf 85' lang='lat' dir='ltr'>eupiditate</span> <span class='ocrx_word' id='word_1_324' title='bbox 809 1932 977 1973; x_wconf 87' lang='lat' dir='ltr'>Creontis</span> <span class='ocrx_word' id='word_1_325' title='bbox 1014 1931 1157 1971; x_wconf 80' lang='lat' dir='ltr'>animus</span> <span class='ocrx_word' id='word_1_326' title='bbox 1193 1932 1409 1984; x_wconf 84' lang='lat' dir='ltr'>instigatur,</span> <span class='ocrx_word' id='word_1_327' title='bbox 1446 1946 1520 1984; x_wconf 84' lang='lat' dir='ltr'>qua</span> <span class='ocrx_word' id='word_1_328' title='bbox 1554 1933 1774 1985; x_wconf 83' lang='lat' dir='ltr'>Antigonae.</span> <span class='ocrx_word' id='word_1_329' title='bbox 1836 1938 1930 1975; x_wconf 86' lang='lat' dir='ltr'>Nam</span> <span class='ocrx_word' id='word_1_330' title='bbox 1957 1952 2069 1989; x_wconf 88' lang='lat' dir='ltr'>quum</span> 
     </span>
     <span class='ocr_line' id='line_1_30' title="bbox 209 1993 2068 2052; baseline 0 -15"><span class='ocrx_word' id='word_1_331' title='bbox 209 1997 423 2052; x_wconf 81' lang='lat' dir='ltr'>Polynicem</span> <span class='ocrx_word' id='word_1_332' title='bbox 451 2011 474 2035; x_wconf 88' lang='lat' dir='ltr'>a</span> <span class='ocrx_word' id='word_1_333' title='bbox 500 1995 660 2049; x_wconf 85' lang='lat' dir='ltr'>sepulcri</span> <span class='ocrx_word' id='word_1_334' title='bbox 686 1993 917 2034; x_wconf 87' lang='lat' dir='ltr'>caerimoniis</span> <span class='ocrx_word' id='word_1_335' title='bbox 943 1994 1153 2047; x_wconf 85' lang='lat' dir='ltr'>prohibeat,</span> <span class='ocrx_word' id='word_1_336' title='bbox 1180 2007 1221 2033; x_wconf 89' lang='lat' dir='ltr'>se</span> <span class='ocrx_word' id='word_1_337' title='bbox 1247 1994 1426 2032; x_wconf 80' lang='lat' dir='ltr'>facturum</span> <span class='ocrx_word' id='word_1_338' title='bbox 1453 2008 1534 2033; x_wconf 90' lang='lat' dir='ltr'>esse</span> <span class='ocrx_word' id='word_1_339' title='bbox 1561 1993 1685 2045; x_wconf 87' lang='lat' dir='ltr'>iactat,</span> <span class='ocrx_word' id='word_1_340' title='bbox 1712 2010 1758 2034; x_wconf 88' lang='lat' dir='ltr'>ne</span> <span class='ocrx_word' id='word_1_341' title='bbox 1784 1996 1922 2036; x_wconf 87' lang='lat' dir='ltr'>maiore</span> <span class='ocrx_word' id='word_1_342' title='bbox 1949 1999 2068 2050; x_wconf 88' lang='lat'>(208)</span> 
     </span>
     <span class='ocr_line' id='line_1_31' title="bbox 209 2054 2069 2109; baseline -0.001 -10"><span class='ocrx_word' id='word_1_343' title='bbox 209 2059 351 2099; x_wconf 86' lang='lat' dir='ltr'>honore</span> <span class='ocrx_word' id='word_1_344' title='bbox 376 2056 558 2097; x_wconf 86' lang='lat' dir='ltr'>afficiatur</span> <span class='ocrx_word' id='word_1_345' title='bbox 584 2055 777 2109; x_wconf 84' lang='lat' dir='ltr'>Polynices</span> <span class='ocrx_word' id='word_1_346' title='bbox 803 2055 969 2096; x_wconf 85' lang='lat' dir='ltr'>Eteocle.</span> <span class='ocrx_word' id='word_1_347' title='bbox 1034 2056 1118 2102; x_wconf 82' lang='lat' dir='ltr'>Quo</span> <span class='ocrx_word' id='word_1_348' title='bbox 1156 2054 1302 2094; x_wconf 91' lang='lat' dir='ltr'>tandem</span> <span class='ocrx_word' id='word_1_349' title='bbox 1340 2054 1477 2094; x_wconf 90' lang='lat' dir='ltr'>maiore</span> <span class='ocrx_word' id='word_1_350' title='bbox 1505 2055 1670 2094; x_wconf 82' lang='lat' dir='ltr'>honore?</span> <span class='ocrx_word' id='word_1_351' title='bbox 1724 2057 1969 2109; x_wconf 89' lang='lat' dir='ltr'>Sepeliendus</span> <span class='ocrx_word' id='word_1_352' title='bbox 1995 2059 2069 2098; x_wconf 92' lang='lat' dir='ltr'>sci-</span> 
     </span>
     <span class='ocr_line' id='line_1_32' title="bbox 210 2115 2069 2170; baseline 0.001 -11"><span class='ocrx_word' id='word_1_353' title='bbox 210 2119 297 2159; x_wconf 85' lang='lat' dir='ltr'>licet</span> <span class='ocrx_word' id='word_1_354' title='bbox 322 2127 401 2159; x_wconf 88' lang='lat' dir='ltr'>erat</span> <span class='ocrx_word' id='word_1_355' title='bbox 426 2117 617 2164; x_wconf 86' lang='lat' dir='ltr'>Eteocles,</span> <span class='ocrx_word' id='word_1_356' title='bbox 655 2130 729 2156; x_wconf 89' lang='lat' dir='ltr'>uon</span> <span class='ocrx_word' id='word_1_357' title='bbox 756 2115 1006 2169; x_wconf 79' lang='lat' dir='ltr'>prohibendus</span> <span class='ocrx_word' id='word_1_358' title='bbox 1043 2130 1065 2156; x_wconf 89' lang='lat' dir='ltr'>a</span> <span class='ocrx_word' id='word_1_359' title='bbox 1092 2116 1262 2169; x_wconf 82' lang='lat' dir='ltr'>sepulcro</span> <span class='ocrx_word' id='word_1_360' title='bbox 1288 2115 1496 2169; x_wconf 88' lang='lat' dir='ltr'>Polynices.</span> <span class='ocrx_word' id='word_1_361' title='bbox 1556 2115 1701 2156; x_wconf 87' lang='lat' dir='ltr'>Deinde</span> <span class='ocrx_word' id='word_1_362' title='bbox 1727 2131 1838 2170; x_wconf 88' lang='lat' dir='ltr'>quum</span> <span class='ocrx_word' id='word_1_363' title='bbox 1863 2119 2069 2160; x_wconf 86' lang='lat' dir='ltr'>nuntiatum</span> 
     </span>
    </p>
   </div>
   <div class='ocr_carea' id='block_1_4' title="bbox 235 2275 2067 2439">
    <p class='ocr_par' dir='ltr' id='par_1_4' title="bbox 235 2275 2067 2439">
     <span class='ocr_line' id='line_1_33' title="bbox 235 2275 2067 2329; baseline -0.001 -11"><span class='ocrx_word' id='word_1_364' title='bbox 235 2282 275 2328; x_wconf 61' lang='lat'>⁴)</span> <span class='ocrx_word' id='word_1_365' title='bbox 307 2282 442 2329; x_wconf 84' lang='lat' dir='ltr'>Itaque</span> <span class='ocrx_word' id='word_1_366' title='bbox 483 2279 552 2329; x_wconf 86' lang='lat' dir='ltr'>qui</span> <span class='ocrx_word' id='word_1_367' title='bbox 581 2290 705 2327; x_wconf 85' lang='lat' dir='ltr'>nuper</span> <span class='ocrx_word' id='word_1_368' title='bbox 742 2278 984 2327; x_wconf 87' lang='lat' dir='ltr'>Antigonam</span> <span class='ocrx_word' id='word_1_369' title='bbox 1020 2277 1281 2327; x_wconf 88' lang='lat' dir='ltr'>Sophocleam</span> <span class='ocrx_word' id='word_1_370' title='bbox 1320 2277 1361 2312; x_wconf 88' lang='lat' dir='ltr'>in</span> <span class='ocrx_word' id='word_1_371' title='bbox 1392 2275 1546 2314; x_wconf 85' lang='lat' dir='ltr'>theatro</span> <span class='ocrx_word' id='word_1_372' title='bbox 1579 2277 1824 2315; x_wconf 86' lang='lat' dir='ltr'>Beroliuensi</span> <span class='ocrx_word' id='word_1_373' title='bbox 1853 2278 2067 2316; x_wconf 86' lang='lat' dir='ltr'>docendam</span> 
     </span>
     <span class='ocr_line' id='line_1_34' title="bbox 308 2334 2064 2384; baseline 0.001 -13"><span class='ocrx_word' id='word_1_374' title='bbox 308 2342 564 2376; x_wconf 82' lang='lat' dir='ltr'>curaverunt,</span> <span class='ocrx_word' id='word_1_375' title='bbox 598 2336 793 2381; x_wconf 84' lang='lat' dir='ltr'>sapienter</span> <span class='ocrx_word' id='word_1_376' title='bbox 818 2335 1095 2376; x_wconf 83' lang='lat' dir='ltr'>instituerunt,</span> <span class='ocrx_word' id='word_1_377' title='bbox 1128 2342 1173 2369; x_wconf 87' lang='lat' dir='ltr'>ut</span> <span class='ocrx_word' id='word_1_378' title='bbox 1197 2334 1337 2374; x_wconf 81' lang='lat' dir='ltr'>actrix,</span> <span class='ocrx_word' id='word_1_379' title='bbox 1364 2346 1463 2381; x_wconf 86' lang='lat' dir='ltr'>quae</span> <span class='ocrx_word' id='word_1_380' title='bbox 1488 2335 1712 2383; x_wconf 83' lang='lat' dir='ltr'>Antigonae</span> <span class='ocrx_word' id='word_1_381' title='bbox 1736 2343 1865 2382; x_wconf 78' lang='lat' dir='ltr'>partes</span> <span class='ocrx_word' id='word_1_382' title='bbox 1890 2335 2064 2384; x_wconf 86' lang='lat' dir='ltr'>gerebat,</span> 
     </span>
     <span class='ocr_line' id='line_1_35' title="bbox 303 2388 1483 2439; baseline -0.003 -13"><span class='ocrx_word' id='word_1_383' title='bbox 303 2403 429 2439; x_wconf 85' lang='lat' dir='ltr'>usque</span> <span class='ocrx_word' id='word_1_384' title='bbox 455 2389 503 2426; x_wconf 81' lang='lat' dir='ltr'>ad</span> <span class='ocrx_word' id='word_1_385' title='bbox 528 2397 743 2425; x_wconf 81' lang='lat' dir='ltr'>extremum</span> <span class='ocrx_word' id='word_1_386' title='bbox 767 2388 844 2424; x_wconf 87' lang='lat' dir='ltr'>hoc</span> <span class='ocrx_word' id='word_1_387' title='bbox 870 2400 1024 2424; x_wconf 82' lang='lat' dir='ltr'>carmen</span> <span class='ocrx_word' id='word_1_388' title='bbox 1049 2390 1088 2423; x_wconf 89' lang='lat' dir='ltr'>in</span> <span class='ocrx_word' id='word_1_389' title='bbox 1113 2401 1228 2425; x_wconf 84' lang='lat' dir='ltr'>scena</span> <span class='ocrx_word' id='word_1_390' title='bbox 1253 2396 1483 2424; x_wconf 84' lang='lat' dir='ltr'>remaneret.</span> 
     </span>
    </p>
   </div>
  </div>
 </body>
</html>
