2270 2915
990 163 1046 180 ---
1110 146 1171 190 10
1230 162 1293 178 ω·-

204 276 287 316 culo
313 274 520 315 admonitus
546 282 665 324 esset,
702 287 749 313 ne
785 273 903 314 filium
930 281 1161 328 procrearetg
1208 271 1248 312 in
1274 272 1361 313 satis
1387 284 1489 325 esse,
1526 282 1567 315 nt
1603 288 1626 315 a
1662 273 1741 315 filio
1779 275 2064 334 interficeretu13

202 337 353 376 oraculo
390 337 577 388 neglecto,
627 335 745 375 filium
783 336 1004 389 procreavit.
1075 338 1312 375 Procreatum
1349 334 1388 373 in
1426 335 1684 377 Cithaeronem
1722 345 1879 378 montem
1916 344 2065 385 abiecit,

202 398 278 438 Sed
306 406 473 437 servatus
500 407 569 439 est.
635 396 851 438 Corinthum
878 397 1041 448 delatus,
1078 410 1102 437 a
1128 395 1271 451 Polybo
1297 410 1405 449 rege,
1444 397 1510 448 qui
1535 399 1652 439 filium
1688 413 1762 439 non
1788 398 1959 452 haberet,
1996 405 2066 445 filii

200 459 283 498 loco
309 458 461 499 habitus
488 469 544 499 est
570 468 608 498 et
634 458 805 511 Oedipus
831 469 996 500 vocatus.
1055 461 1093 497 ls
1118 467 1322 510 postquam.
1340 459 1521 510 adolevit,
1560 474 1672 510 quum
1700 474 1787 501 casu
1814 462 1976 513 quodam
1997 477 2066 503 em-

199 518 353 570 citatus,
389 520 437 559 de
462 519 678 573 parentibus
705 519 877 560 dubitare
904 518 1103 573 coepisset,
1140 518 1310 571 Delphos
1335 519 1521 573 profectus
1547 530 1622 572 est,
1647 522 1892 574 sciscitatum,
1919 523 2065 576 quinam

199 590 373 634 parentes
398 591 523 622 essent
549 581 623 622 sui.
679 581 791 630 Quod
819 582 953 635 Apollo
978 595 1051 620 non
1079 579 1248 634 apernit:
1289 580 1399 621 iussit
1424 597 1507 622 eum
1534 598 1684 635 cavere,
1721 599 1787 635 ne,
1822 593 1927 638 patre
1952 585 2066 625 inter-

199 643 315 693 fecto,
353 653 503 683 matrem
544 657 697 683 uxorem
734 643 895 683 duceret.
957 645 1040 681 Hoc
1074 656 1294 695 responsum
1331 642 1501 696 Oedipus
1537 659 1648 696 quum
1677 645 1724 685 de
1750 646 1889 700 Polybo
1915 646 2067 699 eiusque

200 720 317 745 uxore
352 708 506 758 Merope
542 705 670 749 datum
707 719 790 745 esse
826 713 1009 750 censeret,
1050 703 1267 744 Corinthum
1304 718 1377 743 non
1415 719 1497 744 esse
1532 706 1759 746 redeundum
1796 716 1894 747 ratus
1903 737 1915 757 ,
1956 708 2065 748 aliam

198 765 297 805 viam
322 766 513 818 ingressus
540 776 610 808 est.
677 766 836 806 Obviam
862 766 902 805 fit
928 765 1008 805 seni
1034 765 1073 805 in
1100 765 1215 805 rheda
1241 765 1397 806 sedenti.
1464 766 1581 807 Cuius
1617 768 1767 809 comites
1803 783 1913 820 quum
1947 770 2064 808 Oedi-

198 842 289 880 pum
318 827 379 867 via
405 828 583 867 decedere
610 837 782 881 cogerent
811 827 1052 881 Oedipusque
1078 826 1262 866 resisteret
1289 836 1327 866 et
1352 841 1410 866 res
1437 827 1486 867 ad
1513 842 1642 877 manus
1668 830 1848 870 venisset:
1888 840 1925 869 et
1950 844 2063 869 senex

201 897 236 928 et
264 888 434 941 comites,
468 903 541 929 uno
568 898 744 943 excepto,
772 888 835 941 qui
862 888 975 940 sugit,
1002 889 1049 928 ab
1078 888 1231 941 Oedipo
1251 888 1363 928 occisi
1389 897 1488 929 sunt.
1543 892 1628 938 Quo
1655 890 1750 930 sacto
1778 891 1926 932 Thebas
1951 892 2062 933 venit.

200 950 389 990 Thebanis
417 965 461 989 eo
488 950 570 1003 ipso
597 959 759 1003 tempore
787 949 934 1001 Sphinx
969 949 1140 1001 aenigma
1166 963 1272 989 suum
1299 951 1549 1002 proponebat,
1586 960 1623 990 et
1659 952 1723 1001 qui
1760 953 1807 991 ad
1844 953 2058 992 solvendum

198 1011 465 1063 processissent
491 1024 612 1062 neque
637 1010 781 1051 solvere
798 1009 1016 1062 potuissent,
1042 1010 1112 1050 hos
1138 1024 1263 1050 omnes
1290 1009 1504 1050 devorabat.
1561 1012 1646 1060 Qua
1667 1012 1874 1053 calamitate
1900 1014 2063 1054 commoti

200 1071 391 1120 Thebani,
428 1085 539 1123 quum
566 1086 632 1111 rex
660 1070 827 1123 proxime
853 1071 930 1110 vita
956 1070 1174 1111 excessisset
1207 1084 1433 1121 uxoremque
1459 1071 1669 1121 reliquisset
1695 1072 1863 1118 viduam,
1897 1074 1951 1122 ei,
1989 1075 2064 1124 qui,

198 1132 406 1184 aenigmate
432 1132 571 1186 solute,
595 1131 814 1188 essolvsisset
842 1131 1024 1171 civitatem
1051 1140 1155 1185 peste
1181 1130 1249 1171 illa
1275 1130 1495 1180 tristissima,
1522 1145 1676 1183 regnum
1705 1143 1741 1172 et
1766 1133 1928 1185 reginam
1956 1148 2064 1187 prae-

197 1194 311 1234 mium
337 1201 622 1247 proposuernrn.
643 1230 645 1232 .
674 1193 856 1247 Oedipus,
883 1192 1090 1245 aenigmate
1117 1192 1218 1233 sacili
1244 1192 1391 1244 negotio
1418 1193 1551 1239 soluto,
1579 1193 1709 1245 regina
1733 1193 1772 1233 in
1795 1194 2060 1235 matrimonium

197 1255 327 1307 ducta,
367 1270 434 1295 rex
472 1254 733 1296 'rheu-norum
771 1255 888 1295 sactus
923 1264 988 1295 est.
1056 1257 1277 1294 Fortunatus
1315 1269 1396 1295 esse
1434 1264 1470 1294 et
1505 1254 1578 1294 sibi
1612 1255 1805 1296 videbatur
1843 1266 1878 1295 et
1904 1256 2058 1298 civibus.

197 1320 293 1357 Nam
320 1317 516 1365 viatorem,
544 1318 653 1368 quem
679 1316 919 1356 interfecisset
946 1316 1105 1370 Delphis
1132 1316 1344 1367 discedens,
1385 1325 1525 1370 patrem
1553 1316 1686 1363 fuisse,
1720 1326 1941 1369 matremque
1968 1333 2060 1368 esse,

198 1393 309 1430 quam
337 1379 617 1431 amplecteretur
644 1392 813 1429 uxorem,
841 1387 877 1417 et
903 1377 984 1431 ipse
1010 1388 1046 1417 et
1072 1377 1206 1430 reliqui
1232 1377 1467 1430 ignorabant.
1524 1380 1631 1426 Quae
1658 1388 1760 1417 tanta
1786 1378 1941 1418 foeditas
1968 1393 2059 1430 quo-

197 1440 307 1479 modo
336 1454 383 1478 ex
410 1439 570 1478 tenebris
597 1440 645 1478 ad
673 1441 788 1478 lucem
816 1440 963 1492 prolata
989 1439 1055 1488 sit,
1084 1439 1291 1491 Sophocles
1319 1453 1363 1477 ea
1391 1440 1520 1478 fabula
1546 1439 1860 1491 praestantissima
1886 1440 2058 1491 explicat,

197 1515 292 1552 quae
322 1501 491 1552 oedipus
516 1501 614 1540 Rea·
639 1500 864 1541 inscribitur.
932 1503 1055 1549 Quum
1083 1499 1179 1539 enim
1208 1500 1377 1553 Oedipus
1405 1499 1469 1538 diu
1497 1499 1587 1539 satis
1612 1499 1767 1539 feliciter
1793 1499 1930 1539 civitati
1959 1500 2058 1540 The-

196 1563 318 1602 banae
353 1561 575 1614 praefuisset
610 1570 646 1600 et
681 1562 774 1600 duos
808 1562 906 1600 filios
943 1562 1166 1612 totidemque
1192 1561 1290 1600 filias
1327 1575 1375 1599 ex
1403 1574 1519 1600 uxore
1552 1561 1755 1610 eademque
1781 1569 1894 1599 matre
1920 1564 2058 1602 locasta

196 1623 438 1676 suscepisset,
475 1636 499 1661 a
535 1622 627 1672 diis,
665 1622 728 1672 qui
764 1632 903 1662 tantum
939 1623 1060 1662 scelus
1097 1622 1172 1662 iam
1200 1621 1339 1661 diutius
1366 1621 1462 1661 serre
1487 1636 1561 1661 non
1588 1631 1758 1675 possent,
1794 1621 1918 1674 gravis
1943 1623 2056 1675 pesti-

195 1684 310 1723 lentia
346 1684 386 1722 in
424 1683 624 1722 Thebanos
660 1683 773 1722 missa
809 1693 877 1724 est.
944 1684 1003 1723 Ad
1043 1697 1152 1733 quam
1189 1683 1457 1723 sublevandam
1490 1683 1659 1735 Oedipus
1686 1686 1898 1729 Creontem,
1935 1684 2057 1723 uxoris

195 1746 363 1796 fratrem,
398 1745 569 1798 Delphos
595 1744 713 1795 misit,
750 1745 814 1797 qui
841 1746 949 1784 deum
976 1745 1192 1785 consuleret.
1256 1744 1474 1785 Consulenti
1501 1744 1638 1798 Apollo
1663 1743 1870 1797 praecepit,
1908 1754 1946 1784 ut
1971 1745 2055 1785 Laii

194 1806 480 1857 interfectorem,
517 1806 582 1857 qui
617 1806 712 1845 inter
749 1807 949 1846 Thebanos
976 1814 1201 1856 versaretur,
1239 1815 1302 1846 ant
1328 1806 1536 1846 occiderent
1562 1813 1627 1845 aut
1653 1819 1700 1844 ex
1727 1804 1862 1845 finibus
1885 1806 1962 1845 suis
1988 1820 2054 1845 ex-

194 1867 444 1907 terminarent.
499 1867 575 1914 Qui
603 1881 714 1915 quum
741 1868 890 1917 lateret,
919 1867 1089 1919 Oedipus
1115 1867 1258 1907 civibus
1284 1867 1516 1920 pronuntiat,
1544 1875 1603 1912 ut,
1630 1866 1664 1905 si
1691 1865 1773 1916 quis
1800 1866 1895 1916 quid·
1916 1866 1961 1905 de
1988 1867 2056 1907 hac

194 1943 235 1968 re
262 1939 486 1981 compertum
513 1927 665 1977 habeat,
691 1928 843 1980 prodat,
878 1928 1120 1980 omnibusque
1146 1928 1336 1981 precibus,
1373 1927 1422 1967 ad
1449 1942 1542 1979 quos
1577 1926 1719 1965 facinus
1745 1926 1838 1964 illud
1865 1927 2056 1979 pertineat,

195 1989 373 2036 devovet;
415 1988 597 2028 Tiresiam
624 1999 745 2028 vatem
773 1989 1030 2028 arcessendum
1058 1999 1174 2029 curat.
1236 1989 1312 2037 Qui
1339 2003 1451 2040 quum
1478 1987 1583 2026 initio
1609 1986 1723 2026 animi
1749 1987 1807 2026 sui
1832 2002 1939 2027 sensa
1965 2003 2055 2041 ape-

193 2049 268 2090 rire
295 2048 492 2099 noluisset,
530 2049 668 2102 Oedipi
691 2049 884 2089 iracundia
912 2059 1150 2103 provocatus,
1188 2050 1309 2103 ipsum
1337 2049 1523 2101 Oedipum
1550 2056 1588 2087 et
1613 2047 1746 2087 Laium
1772 2046 1995 2089 interfecisse
2020 2059 2056 2089 et

192 2109 408 2163 turpissima
442 2109 713 2149 carissimorum
749 2125 896 2150 suorum
934 2110 1197 2151 consuetudine
1232 2111 1287 2150 uti
1323 2110 1459 2162 arguit.
1536 2107 1723 2160 Oedipus,
1773 2108 1829 2147 ira
1873 2108 2054 2160 incensus,

196 2185 310 2221 quum
349 2169 616 2223 suspicaretur,
665 2170 851 2211 Tiresiam
903 2186 925 2212 a
965 2175 1123 2213 Creonte
1161 2172 1401 2212 subornatum
1450 2171 1543 2211 haec
1590 2168 1730 2217 dicere,
1779 2178 1819 2208 ut
1857 2184 1898 2209 se
1941 2184 2054 2220 regno

195 2240 367 2281 exueret,
408 2241 445 2271 et
484 2240 604 2271 vatem
644 2232 907 2272 contumeliose
945 2234 1091 2272 dimittit
1129 2242 1165 2283 et
1204 2237 1400 2274 Creontem
1438 2246 1480 2272 se
1519 2239 1728 2270 necaturum
1766 2244 1845 2269 esse
1886 2230 2054 2271 minatur.

195 2292 273 2338 Sed
313 2307 407 2332 uxor
445 2292 608 2333 animum
644 2293 723 2333 eius
759 2294 930 2345 mitigare
968 2295 1101 2335 studet.
1181 2297 1336 2344 Monet,
1375 2308 1422 2333 ne
1468 2293 1582 2332 ullam
1629 2290 1806 2330 rationem
1851 2300 1914 2330 ant
1960 2292 2054 2332 vatis

195 2353 303 2395 istius
340 2362 404 2393 aut
439 2354 589 2394 omnino·
613 2355 843 2396 oraculorum
870 2354 1028 2405 habeat3
1076 2356 1242 2407 oracula,
1278 2356 1327 2396 ab
1361 2353 1573 2395 hominibus
1608 2351 1742 2392 callide
1777 2352 1879 2401 ficta,
1915 2353 2052 2393 nnllam
