2270 2915
153 291 331 333 rationem
366 290 606 346 perspexiu³
640 289 912 343 nsqneu'ssin
943 288 1103 330 iniustos
1137 302 1222 330 esse
1266 289 1357 330 deos
1403 296 1466 329 aut
1500 288 1669 330 crudeles
1712 289 1789 329 iam
1833 288 2011 341 queritur,

154 367 275 406 neque
299 363 340 393 nt
364 341 1010 406 eos¹*poenls·2affifflffiibus
1033 360 1141 391 antes
1167 364 1209 391 se
1233 350 1376 390 laesum
1402 365 1485 391 esse
1511 350 1799 400 existimaverat,
1825 358 2009 403 precatur.

154 415 290 472 Alaea
305 414 465 454 oriam
491 412 614 453 anim
638 403 1015 466 {emi-quie,
1041 412 1164 452 fidum·
1180 411 1386 454 ministrum
1410 426 1451 453 se
1477 411 1569 465 aiis,
1594 410 1777 465 quidquid
1803 409 2009 459 statuerint,

153 476 400 531 Praebiturns.
641 493 644 497 Α
666 485 686 497 ’·
721 479 901 508 ¹1
1058 492 1061 495 -
1599 480 1602 482 ’

260 587 453 638 Quidquid
478 586 551 627 diis
577 587 789 639 placuerit,
810 587 849 625 id
876 587 1208 638 accesserim-lieri,
1245 588 1405 639 denique
1440 587 1550 627 etiam
1588 587 1808 626 Trachiniis
1844 586 2007 625 docetur.

154 647 230 687 Sed
266 657 307 687 ut
342 648 562 688 Philoctetes
598 649 670 688 diis
705 647 934 699 auctoribus,
970 657 1164 701 postquam
1201 649 1265 688 diu
1292 649 1330 687 in
1367 648 1585 688 calamitatis
1610 662 1700 688 suae
1736 646 1940 688 solitudine
1966 660 2009 685 ac

154 708 313 749 tenebris
338 709 472 760 iacuit,
505 710 553 749 ad
580 711 700 749 lucem
726 711 954 761 salutemque
979 710 1166 749 restitutus
1193 720 1267 760 est,
1292 710 1345 750 ita
1370 725 1417 749 ex
1445 710 1717 762 suspicionibus
1743 708 2006 754 calamitatum,

154 783 249 821 quae
283 769 484 811 Deianirae
520 771 682 811 animum
718 771 879 822 graviter
913 771 1117 821 vexabant,
1157 785 1245 812 vera
1281 782 1317 812 et
1353 771 1549 811 vehemens
1585 780 1801 824 tempestas,
1841 784 1938 822 quae
1972 779 2010 808 et

153 831 368 872 Deianiram
404 841 441 871 et
467 834 663 882 Herculem
688 831 938 885 imprudentes
963 834 1189 882 ahsumeret,
1225 843 1350 872 coorta
1375 842 1443 872 est.
1507 832 1729 872 Philoctetes
1764 831 1882 878 enim,
1919 831 2009 871 satis

153 891 238 941 diu,
274 906 324 931 ne
359 901 495 933 temere
530 894 675 945 sagittis
710 893 788 933 suis
820 894 974 934 consilio
1001 893 1126 933 divino
1152 894 1331 944 officeret,
1368 893 1595 946 prohibitus,
1631 893 1681 933 ad
1708 907 1784 932 rem
1810 892 2009 943 gerendam

153 961 325 991 evocatus
351 963 427 1002 est;
455 956 634 993 Hercules
660 969 773 1005 quum
798 956 933 993 multas
958 969 1017 994 res
1042 956 1232 1005 praeclare
1258 968 1302 993 ac
1328 954 1452 993 divine
1478 954 1665 1004 gessisset,
1691 963 1732 992 ut
1757 954 1877 1004 magis
1897 952 2009 992 etiam

152 1011 300 1050 divinus
325 1014 534 1063 exsisteret,
567 1028 590 1051 a
616 1015 727 1058 rebus
753 1014 924 1065 gerendis
949 1022 1125 1053 avocatus
1151 1021 1218 1053 est.
1274 1013 1350 1052 Sed
1375 1021 1591 1064 antequam,
1617 1013 1708 1064 quid
1733 1013 1841 1052 nobis
1866 1013 1914 1051 de
1938 1013 2009 1052 hnc

152 1072 280 1111 sabula
303 1074 533 1111 statuendum
561 1073 746 1120 videatur,
783 1074 894 1124 plane
920 1073 1165 1125 explicemus,
1202 1087 1380 1112 summam
1418 1073 1698 1113 Trachiniarum
1735 1073 1896 1113 breviter
1921 1087 2009 1125 pro-

152 1147 288 1186 ponere
314 1134 448 1185 placet.
502 1133 680 1172 Deianira
705 1133 819 1183 igitur
855 1147 966 1183 quum
992 1133 1065 1171 iam
1093 1143 1201 1171 antea
1227 1143 1378 1185 propter
1403 1134 1569 1182 labores,
1603 1133 1668 1184 qui
1702 1134 1900 1172 Herculem
1926 1147 2008 1173 ma-

152 1194 260 1235 ritum
287 1209 394 1235 suum
421 1194 530 1234 domo
558 1194 774 1247 plerumque
800 1202 984 1241 arcerent,
1020 1192 1145 1233 multis
1171 1207 1215 1233 ac
1241 1193 1385 1246 magnis
1410 1193 1508 1235 curis
1533 1193 1731 1234 sollicitata
1755 1193 1903 1242 fuisset,
1930 1203 2008 1235 tum

150 1256 323 1295 maiorem
350 1256 461 1294 etiam
487 1256 652 1293 dolorem
679 1254 801 1293 animo
828 1264 1044 1307 conceperat
1069 1269 1117 1293 ex
1145 1256 1313 1304 oraculo,
1351 1255 1450 1306 quod
1487 1256 1522 1294 ei
1558 1269 1581 1295 a
1617 1255 1773 1306 coniuge
1798 1256 2008 1307 nuperrime

149 1316 353 1358 discedenti
378 1315 544 1357 relictum
569 1315 776 1363 indicabat,
811 1316 1023 1363 Herculem,
1051 1315 1123 1356 nisi
1148 1315 1269 1369 spatio
1296 1318 1376 1356 XV
1400 1316 1580 1357 mensium
1606 1316 1812 1357 intermisso
1838 1316 2006 1364 redisset,

150 1386 215 1417 aut
239 1377 451 1417 moriturum
479 1392 562 1417 esse
587 1387 651 1417 aut
676 1377 855 1428 reliquam
882 1385 1038 1416 aetatem
1064 1376 1182 1416 libere
1210 1386 1246 1415 et
1271 1378 1470 1428 tranquille
1488 1388 1666 1418 acturum.
1723 1379 1860 1418 Aberat
1885 1386 2008 1417 antem

150 1439 224 1479 iam
255 1453 416 1478 mensem
442 1438 608 1489 quintum
636 1437 829 1477 decimum.
890 1441 1019 1487 ltaque
1053 1439 1102 1477 ab
1132 1438 1272 1477 ancilla
1298 1438 1483 1478 admonita
1519 1440 1672 1492 Hyllum
1708 1439 1825 1478 filium
1861 1439 1910 1478 ad
1936 1452 2006 1492 pa·

151 1508 242 1538 trem
278 1498 538 1538 sciscitandum
571 1498 682 1537 misit.
749 1501 833 1546 Quo
869 1499 985 1545 sacto,
1024 1507 1218 1551 postquam
1253 1499 1364 1537 etiam
1400 1500 1549 1551 puellae
1584 1499 1804 1538 Trachiniae
1830 1509 2007 1539 venerunt

150 1559 416 1611 aegritudinem
452 1558 653 1598 Deianirae
688 1558 964 1609 sublevaturae,
1000 1559 1209 1609 nuntiatur,
1245 1560 1461 1606 Herculem,
1498 1560 1667 1599 hostibus
1703 1560 1827 1606 victis,
1864 1561 2007 1600 salvum

149 1634 230 1660 esse
262 1629 298 1658 et
332 1619 434 1659 brevi
468 1619 681 1659 affuturum.
747 1620 870 1666 Quam
907 1633 983 1659 rem
1020 1620 1155 1658 deinde
1181 1620 1318 1659 Lichas
1345 1621 1477 1672 probat
1512 1621 1560 1658 ab
1586 1621 1749 1658 Hercule
1774 1621 1928 1670 missus,
1966 1630 2006 1659 nt

150 1682 347 1720 nonnullas
373 1681 564 1731 mulieres,
600 1681 639 1720 in
675 1679 736 1720 his
761 1681 897 1730 lolam,
933 1694 1026 1732 quas
1071 1680 1251 1720 Oechalia
1286 1682 1377 1720 urbe
1412 1680 1534 1720 diruta
1565 1689 1732 1733 ceperat,
1759 1680 1907 1720 domum
1933 1681 2004 1721 du-

149 1750 258 1780 ceret.
310 1745 395 1779 Hae
420 1742 592 1779 mulieres
625 1751 887 1792 quae-essent,
926 1756 1037 1789 quum
1074 1742 1212 1780 Lichas
1248 1756 1289 1780 se
1324 1741 1418 1780 scire
1453 1741 1737 1790 dissimulasset,
1774 1741 1906 1791 homo,
1942 1743 2005 1793 qui

149 1800 289 1853 primus
307 1830 309 1833 .
325 1800 490 1839 nuntium
517 1800 564 1839 de
589 1801 750 1839 Hercule
786 1801 977 1850 attulerat,
1014 1800 1200 1840 enuntiat:
1247 1801 1351 1840 cuius
1389 1801 1594 1840 testimonio
1629 1801 1769 1841 Lichas
1805 1802 2002 1849 convictus,

149 1861 344 1901 Herculem
377 1874 499 1900 amore
523 1861 624 1899 lolae
650 1870 816 1914 captum,
844 1870 884 1900 ut
910 1875 957 1900 ea
983 1861 1182 1913 potiretur,
1209 1862 1428 1901 Oechaliam
1454 1861 1612 1900 diruisse
1637 1862 1838 1903 confitetur.
1893 1865 2002 1911 Quod

149 1921 324 1960 Deianira
350 1921 519 1971 quamvis
544 1935 662 1973 aequo
689 1923 811 1962 auimo
837 1923 951 1968 ferat,
988 1932 1131 1968 tamen,
1159 1931 1200 1961 ut
1224 1937 1384 1962 amorem
1410 1922 1582 1961 Herculis
1608 1922 1656 1961 ab
1683 1922 1762 1961 lola
1785 1936 2000 1963 conversum

149 1982 221 2023 sibi
247 1990 384 2031 servet,
417 1981 702 2029 medicamento,
730 1983 829 2034 quod
856 1983 943 2022 olim
970 1996 993 2022 a
1021 1985 1136 2022 Nesso
1162 1990 1370 2033 acceperat,
1397 1983 1546 2021 tinctam
1572 1982 1733 2022 tunicam
1757 1983 1907 2035 coniugi
1933 1999 2001 2024 suo

149 2043 291 2083 mittere
326 2042 524 2082 constituit.
598 2042 712 2082 euius
749 2044 1006 2082 medicamenti
1026 2062 1030 2065 ¹
1054 2058 1167 2094 quum
1202 2043 1343 2081 nullum
1389 2053 1500 2083 antea
1533 2043 1738 2097 periculum
1774 2044 1939 2092 fecisset,
1979 2060 2001 2084 a

150 2104 274 2144 Chore
292 2102 506 2152 admonita,
532 2112 573 2142 ut
598 2112 704 2142 caute
728 2102 777 2142 ad
803 2111 940 2142 tantam
961 2116 1044 2142 rem
1071 2103 1296 2142 tractandam
1322 2104 1530 2154 accederet,
1555 2104 1773 2157 priusquam
1799 2119 1874 2144 rem
1900 2105 2000 2157 peri-

150 2163 269 2203 clitari
303 2171 447 2216 posset,
482 2163 643 2203 venienti
679 2163 820 2203 Lichae
853 2162 1013 2204 tunicam
1048 2163 1097 2203 ad
1122 2164 1322 2203 Herculem
1348 2164 1583 2204 deserendam
1608 2164 1734 2205 tradit.
1796 2164 1873 2204 Sed
1899 2180 2000 2213 mox,

148 2223 216 2264 ubi
238 2224 383 2275 lanam,
420 2238 494 2276 qua
527 2238 596 2264 usa
620 2233 702 2264 erat
733 2224 774 2263 in
801 2223 975 2276 tingenda
1001 2225 1144 2275 tunica,
1180 2225 1230 2265 ad
1257 2226 1347 2265 solis
1374 2225 1498 2265 radios
1523 2225 1740 2278 proiectam,
1775 2239 1845 2266 sna
1869 2236 2001 2279 sponte

149 2285 334 2338 dilapsa-
368 2285 564 2326 evanuisse
599 2285 710 2335 vidit,
745 2285 898 2338 ancipiti
933 2299 1019 2326 cura
1054 2285 1253 2340 premitur,
1292 2301 1340 2326 ne
1375 2300 1534 2327 veneno*
1552 2286 1749 2327 Herculem
1783 2286 1999 2340 perdiderit.

150 2347 262 2394 Quod
296 2346 431 2385 sactum
467 2355 535 2386 est.
595 2346 732 2399 Hyllus
768 2346 866 2386 eni-
902 2355 1042 2399 patrem
1077 2347 1204 2387 tunica
1229 2362 1253 2386 a
1278 2356 1394 2386 matre
1418 2347 1535 2387 miss·
1555 2347 1678 2399 perire
1701 2348 1860 2388 nuntiat.
1913 2351 2001 2396 Qua

149 2420 190 2446 re
215 2407 382 2460 cognita,
418 2406 595 2448 Deianira
620 2406 698 2447 abit
722 2406 869 2460 sibique
894 2420 1041 2448 manum
1066 2407 1152 2461 ipsa
1177 2408 1300 2451 insert.
1352 2407 1553 2457 Hercules,
1589 2407 1737 2449 domum
1764 2408 1929 2460 delatus,
1964 2418 2002 2450 et

1600 2479 1626 2520 8
