2270 2915
925 163 1201 203 —7-

117 294 216 334 enirn
255 305 395 333 summa
431 287 575 330 Aiacis
595 286 826 340 Sophocleae
855 298 943 327 esse
969 285 1148 326 sententia
1172 284 1339 324 videtur.
1381 287 1439 324 Ne
1460 282 1596 323 nimis
1591 283 1782 323 confidant
1804 282 1975 322 homines

121 355 269 395 viribus
293 355 394 401 suiv,
414 349 590 403 quamvis
614 349 713 389 enim
741 348 857 388 validi
882 362 965 388 esse
991 347 1063 388 sibi
1089 347 1294 393 videantur,
1321 346 1392 385 cito
1420 346 1538 398 gradu
1566 345 1784 385 deiioiuntur
1802 354 1976 397 etque-

122 417 267 456 fortuna
290 412 466 461 reflavit,
481 410 696 462 affliguntur
733 414 824 451 -.131
871 410 1015 450 Umbra
1037 423 1186 457 sumus,
1206 417 1390 459 quotquot
1414 408 1572 447 vivimus
1599 408 1688 455 125,
1724 421 1858 458 neque,
1886 406 1977 457 quid

124 478 302 518 futuru-1
320 474 391 524 nit,
431 472 624 525 quisquam
660 482 735 524 est,
768 472 836 525 qui
863 470 1065 525 prospiciat
1112 470 1227 510 1417.
1291 472 1331 508 ln
1357 469 1430 509 diis
1461 468 1580 508 omnis
1603 467 1742 507 fiducia
1766 467 1977 521 repete-h

124 547 202 577 est:
231 535 371 587 quibus
394 534 462 586 *qui
483 533 714 585 obsequitur,
741 534 867 573 salvas
893 542 961 582 est,
988 532 1050 583 qui
1072 531 1275 571 insolenter
1299 530 1526 577 adversatur,
1553 530 1662 582 perit.

228 655 415 708 Deinceps
441 654 488 693 de
514 656 676 693 Electra
703 652 891 706 disputare
917 653 1053 705 placet.
1103 652 1200 701 Quis
1226 660 1300 703 est,
1328 652 1392 704 qui
1418 652 1573 704 nesciat,
1600 667 1691 704 gens
1720 653 1979 706 Pelopidarum

125 727 233 770 quot,
273 731 382 768 quam
410 716 611 760 atrocibus,
639 730 748 766 quam
776 715 877 754 tetris
903 714 1127 754 facinoribus
1153 715 1416 753 commaculata
1442 714 1520 755 sit?
1572 718 1632 755 Ex
1659 730 1732 767 qno
1759 716 1856 754 enim
1879 725 1978 754 tem-

126 794 217 832 pore
245 779 380 831 Pelops
407 777 597 831 Myrtilum
625 789 692 828 per
718 776 841 814 dolum
866 775 1068 822 interfecit,
1095 776 1197 814 nulla
1223 775 1411 828 turpitudo
1438 777 1486 814 ab
1514 776 1583 815 hac
1606 787 1719 827 gente
1739 777 1863 815 abfuit
1897 776 1979 815 ‘5⁰8

114 856 208 892 sqq.
261 843 489 891 Agamemno
517 839 665 889 quidem
693 851 818 888 quum,
846 837 959 876 Troia
987 846 1107 889 capta,
1134 836 1281 875 domum
1309 837 1477 883 redisset,
1503 851 1527 876 a
1553 851 1628 876 sua
1645 837 1728 889 ipse
1754 851 1869 876 uxore
1888 837 1980 890 ely-

118 910 344 941 -taemnestra
359 900 558 939 trucidatus
567 909 638 938 est.
677 900 789 947 Quae
801 897 929 937 adiuta
943 907 998 937 est
1011 898 1058 937 ab
1075 896 1265 948 Aegistho,
1292 897 1403 936 fratre
1417 898 1575 950 patrueli
1590 898 1888 949 Agamemnonis,
1915 897 1980 949 qui

127 964 292 1016 Cly-:taen
296 971 467 1011 nestram,
494 962 644 1000 absente
669 960 820 1005 marito,
846 969 1053 1010 corruptam
1081 958 1119 997 in
1146 959 1415 997 matrimonium
1442 960 1611 999 duxerat.
1666 962 1817 1000 Orestes
1840 960 1981 999 liliolus

128 1038 176 1062 ne
209 1036 285 1061 una
322 1036 404 1060 cutn
438 1031 546 1073 *patre
582 1020 827 1069 occideretur,
868 1020 917 1058 ab
952 1019 1099 1058 Electra
1134 1032 1258 1057 sorore
1294 1033 1399 1057 servo
1431 1019 1575 1057 cuidam
1602 1019 1703 1059 fideli
1730 1021 1904 1068 traditus,
1940 1020 1982 1058 in

129 1084 339 1124 Phocenses
362 1091 576 1134 asportatus
602 1090 700 1126 erat,
727 1080 792 1118 ubi
816 1081 865 1118 ab
891 1080 1036 1132 hospite
1061 1079 1295 1129 educaretur,
1323 1090 1364 1118 ut
1389 1080 1589 1131 aliquando
1614 1082 1663 1120 ab
1689 1081 1982 1121 interfectoribus

128 1145 243 1197 patris
270 1158 408 1197 poenas
431 1150 626 1195 repeteret.
685 1143 796 1189 Quas
821 1154 960 1193 poenas
985 1140 1168 1192 quomodo
1194 1141 1485 1193 Clytaemnestra
1511 1152 1548 1181 et
1574 1134 1775 1194 Aegisthus
1800 1143 1981 1192 dederint,

128 1208 273 1245 Electra
297 1205 505 1257 Sophoclea
531 1203 697 1242 docetur.
745 1204 859 1249 Quae
884 1201 1031 1252 quidem
1058 1215 1117 1240 res
1143 1201 1361 1240 difficillima
1384 1212 1464 1241 erat
1486 1212 1657 1245 tractatu.
1709 1207 1804 1244 Nam
1832 1213 1984 1243 matrem

126 1282 150 1306 a
176 1281 244 1306 suo
270 1267 389 1318 ipsam
418 1265 496 1303 filio
523 1262 699 1309 interfici,
721 1275 898 1315 asperum
926 1271 1000 1311 est,
1037 1262 1182 1311 durum,
1209 1271 1334 1301 contra
1360 1271 1541 1303 naturum.
1593 1266 1644 1303 At
1670 1279 1756 1303 vero
1784 1278 1897 1316 quum
1923 1264 1984 1303 iu-

124 1328 229 1367 stitia
258 1327 327 1365 hoc
351 1334 539 1377 posceret,
568 1334 619 1374 ut,
646 1324 710 1375 qui
737 1324 867 1375 gravia
892 1332 1117 1376 patrassent,
1145 1332 1355 1375 paterentur
1379 1323 1528 1374 gravia,
1555 1324 1764 1365 admirabili
1791 1335 1870 1365 arte
1895 1340 1985 1365 usus

130 1397 185 1427 est
212 1386 415 1439 Sophocles
442 1385 649 1436 effecitque,
675 1394 733 1435 ut,
761 1397 871 1436 quam
899 1398 975 1423 rem
1002 1383 1346 1436 perhorrescebant,
1382 1384 1502 1423 eidem
1529 1385 1602 1438 ipsi
1628 1400 1769 1436 omnes,
1804 1386 1871 1437 qui
1895 1400 1984 1439 spe·

131 1450 297 1497 ctabant,
332 1448 498 1486 faverent
533 1460 687 1497 eamque
721 1447 771 1486 ad
806 1447 916 1486 finem
944 1445 1095 1498 perduci
1122 1458 1230 1497 quam
1259 1446 1418 1485 maxime
1441 1455 1625 1499 optarent.
1681 1447 1794 1488 Primi
1821 1447 1916 1487 enim
1944 1447 1984 1487 ιί

131 1522 278 1549 scenam
317 1508 498 1561 prodeunt
534 1510 685 1547 Orestes
721 1521 802 1546 cum
840 1507 1063 1558 Paedagogo
1100 1520 1167 1545 suo
1203 1516 1240 1545 et
1278 1507 1416 1560 Pylade
1451 1507 1581 1548 amico.
1634 1508 1769 1555 Adest,
1807 1518 1847 1547 ut
1872 1510 1986 1549 caede

132 1570 279 1608 caedem
307 1570 345 1607 in
373 1579 477 1621 patre
504 1569 733 1607 commissam
760 1569 932 1617 vindicet,
959 1569 1008 1607 ab
1034 1567 1127 1620 ipsis
1154 1568 1226 1607 diis
1252 1568 1385 1607 missus
1423 1569 1489 1608 70.
1544 1569 1654 1616 Quod
1682 1582 1793 1620 quum
1816 1570 1987 1610 Phoebus

134 1642 172 1670 ut
199 1631 319 1670 furtim
348 1639 384 1669 et
411 1644 489 1669 cum
518 1630 603 1669 dolo
630 1629 800 1676 efficeret,
827 1628 1086 1682 praecepisset,
1113 1628 1271 1668 consilio
1299 1638 1334 1668 et
1361 1642 1427 1682 pro
1453 1638 1620 1682 tempore
1644 1639 1682 1669 et
1707 1644 1775 1683 pro
1801 1645 1843 1670 re
1862 1640 1985 1684 capto,

134 1693 339 1733 discedunt.
392 1692 538 1730 Electra
564 1690 747 1729 inducitur
773 1700 808 1729 et
834 1690 972 1742 primas
999 1700 1122 1743 partes
1149 1690 1246 1741 agit,
1273 1699 1325 1739 ut,
1354 1699 1491 1741 quanta
1516 1691 1564 1730 sit
1588 1691 1796 1730 immanitas
1822 1692 1986 1733 criminis

134 1756 181 1793 ab
210 1754 500 1805 Clytaemnestra
522 1762 563 1790 -et
586 1751 765 1802 Aegistho
791 1750 957 1800 admissi,
983 1761 1206 1804 spectatores
1233 1765 1354 1790 coram
1382 1751 1531 1791 videant
1555 1751 1701 1804 sibique
1727 1754 1987 1806 persuadeant,

134 1814 245 1853 nullis
269 1812 400 1864 poenis
427 1826 497 1849 non
526 1811 664 1862 dignos
684 1826 783 1860 esse,
810 1812 875 1862 qui
900 1811 990 1850 talia
1016 1811 1318 1863 perpetraverint.
1377 1813 1524 1851 Electra
1549 1812 1647 1852 enim
1673 1822 1710 1852 et
1734 1814 1845 1854 fidam
1873 1816 1988 1868 patris

134 1873 313 1913 interfecti
349 1872 557 1911 memoriam
594 1872 681 1911 colit
716 1886 783 1911 nec
813 1872 1108 1911 interfectoribus
1134 1872 1231 1911 cedit
1267 1881 1303 1911 et
1328 1872 1451 1925 potius
1478 1886 1603 1913 omnes
1629 1874 1794 1926 labores,
1829 1876 1988 1924 dolores,

135 1950 308 1986 angores,
335 1934 516 1973 cruciatus
541 1934 721 1987 perferre,
748 1947 857 1986 quam
883 1933 1020 1987 impiae
1046 1933 1151 1973 matri
1178 1943 1214 1972 et
1241 1934 1418 1985 Aegistho
1444 1934 1611 1973 adultero
1638 1949 1773 1975 morem
1798 1950 1928 1989 gerere
1951 1948 1989 1978 et

136 1997 279 2036 facilem
306 2008 346 2033 se
373 1994 550 2045 praebere
574 1996 726 2035 mavult.
792 1995 1038 2044 Conqueritur
1073 1995 1228 2046 primum
1264 1995 1362 2044 sola,
1403 1993 1536 2033 deinde
1571 2009 1655 2034 cum
1682 1997 1824 2049 Choro,
1863 2013 1990 2040 omnes

137 2073 223 2098 suas
255 2054 446 2102 miserias3
486 2063 626 2105 patrem
663 2056 848 2107 deplorat,
884 2065 1034 2094 matrem
1071 2056 1291 2102 detestatur;
1331 2068 1372 2094 se
1407 2054 1521 2094 vitam
1557 2055 1693 2109 degere
1718 2059 1854 2110 solam,
1891 2062 1989 2102 omni

137 2117 400 2158 iucunditatmn
438 2128 572 2165 genere
600 2115 825 2166 destitutam,
864 2115 945 2155 sine
970 2115 1118 2165 marito,
1154 2115 1234 2155 sine
1259 2115 1408 2166 liberis,
1434 2115 1515 2156 sine
1542 2117 1618 2157 ullo
1644 2119 1784 2170 amico·
1823 2122 1897 2162 sibi
1922 2137 1990 2163 nec

137 2179 272 2217 cultum
300 2189 380 2215 esse
406 2189 473 2213 nec
499 2176 653 2226 victum,
690 2177 753 2227 qui
779 2177 925 2227 quidem
953 2177 1102 2224 deceat3
1133 2176 1185 2215 iu
1223 2191 1297 2216 uno
1334 2179 1466 2218 Oreste
1489 2179 1603 2218 fratre
1638 2194 1764 2221 omnes
1789 2197 1876 2223 suas
1901 2199 1991 2238 spes

139 2238 318 2292 repositas
344 2250 424 2275 esse
469 2236 584 2275 86—
596 2238 687 2278 324.
740 2238 791 2277 Hi
819 2238 963 2277 dolores
990 2251 1102 2287 quum
1127 2237 1311 2277 Electram
1337 2247 1445 2277 noctu
1471 2248 1582 2289 atque
1607 2240 1766 2281 interdiu
1789 2254 1930 2296 angant
1955 2255 1992 2286 et

139 2299 344 2349 conficiant,
371 2311 417 2337 ne
439 2311 507 2337 eos
533 2297 678 2348 quidem
707 2297 908 2350 quidquam
934 2307 1097 2349 movent,
1123 2298 1172 2339 ad
1200 2312 1292 2349 quos
1317 2298 1377 2338 vei
1401 2300 1561 2341 maxime
1586 2301 1769 2356 pertinere
1794 2304 1991 2350 debebant.

140 2366 226 2413 lpsa
253 2361 348 2401 enim
375 2373 477 2399 soror
503 2358 778 2412 Chrysothemis
813 2362 1015 2406 Electram,
1051 2360 1156 2410 quod
1192 2370 1265 2400 tam
1300 2360 1536 2402 immoderate
1571 2362 1683 2411 serat,
1724 2379 1822 2415 quae
1856 2369 1992 2409 mutari

143 2436 216 2461 non
243 2421 397 2475 possint,
424 2419 584 2473 graviter
609 2415 855 2476 reprehendit.
909 2423 1014 2471 Quae
1042 2421 1209 2472 quamvis
1234 2435 1358 2462 necem
1384 2422 1482 2477 patri
1506 2423 1647 2465 illatam
1673 2434 1710 2466 et
1729 2426 1992 2481 turpitudinem
