2270 2915
988 155 1291 199 ...20-

213 286 307 326 sima
331 284 447 324 caede
472 291 512 321 ut
537 282 754 335 perderent,
791 295 903 333 quum
931 281 1099 335 Oedipus
1135 296 1159 320 a
1192 282 1264 322 diis
1297 281 1448 336 petisset
1485 281 1564 321 421
1591 296 1675 335 sqq.
1716 282 1808 323 789.
1847 286 1950 325 1370
1974 300 2071 338 sqq,

213 346 286 393 dii,
324 346 423 398 quod
455 344 617 397 optavit,
654 344 865 384 effecerunt.
927 343 1121 396 Polynices
1148 344 1265 394 enim,
1300 358 1420 393 neque
1446 345 1761 384 exsecrationibus
1786 346 1903 398 patris
1929 357 2072 387 conter-

211 407 316 453 ritus,
344 420 465 458 neque
492 405 628 445 sororis
653 404 862 456 Antigonae
888 403 1147 444 amantissimis
1173 405 1346 458 precibus
1372 413 1571 444 commotus
1600 404 1703 446 1414
1728 420 1825 458 sqq„
1863 406 1945 457 iter,
1973 409 2071 458 quod

210 469 373 508 habebat
400 469 577 508 adversus
605 467 780 519 patriam,
817 466 984 518 perfecit.
1046 469 1175 506 Frater
1203 468 1350 506 fratrem
1367 466 1508 505 'infesto
1537 467 1611 506 telo
1638 467 1766 519 petiit3
1814 469 1925 507 stater
1952 469 2072 508 fratris

210 531 284 570 telo
311 520 509 569 iransfixus
537 528 679 568 cecidit.
743 527 819 567 Sed
856 527 972 567 maior
1008 526 1116 567 etiam
1156 527 1212 568 vis
1240 527 1415 567 adversae
1442 528 1610 567 fortunae
1646 528 1685 567 in
1723 528 1961 582 exstirpanda
1997 532 2072 570 La-

210 591 450 631 bdacidarum
478 600 587 642 gente
623 598 842 643 exprompta
869 598 942 639 est,
980 603 1089 639 quam
1117 590 1285 644 Oedipus
1311 590 1371 630 vel
1398 599 1587 643 optaverat
1613 591 1673 631 vel
1701 590 1935 643 cogitaverat.
1992 592 2067 641 Qui

210 669 321 705 quum
349 654 446 693 filias
473 666 578 698 suas,
616 651 714 703 quod
742 660 882 704 patrem
909 651 1068 691 colerent
1094 662 1151 703 et,
1186 652 1464 704 quibuscunque
1490 653 1600 692 rebus
1628 662 1795 706 possent,
1832 653 2067 704 adiuvarent,

212 715 448 767 'dignissimas
476 727 556 752 esse
583 713 799 761 arbitratus,
837 726 932 763 quae
969 727 1123 763 regnum
1161 713 1420 752 Thebanorum
1456 714 1679 764 obtinerent,
1717 714 1786 753 has
1823 714 1912 753 deos
1940 715 2070 754 desen-

207 790 314 816 suros
340 790 421 815 esse
448 789 492 814 ac
519 773 674 813 tuituros
702 784 738 813 et
764 783 935 813 aucturos
962 783 1146 826 sperasset
1183 775 1284 814 1380
1310 789 1413 826 sqq„
1454 774 1525 813 hac
1552 790 1620 828 spe
1657 774 1817 826 graviter
1844 775 1972 828 lapsus
2000 786 2068 818 est.

209 840 307 881 Nam
334 836 521 887 Antigona
548 835 681 874 misere
708 834 831 888 periit,
858 830 1233 886 effecitque‘mortua,
1262 845 1301 875 ut
1327 836 1437 875 etiam
1465 838 1598 887 Creon,
1634 836 1697 888 qui
1725 836 1820 876 filias
1847 837 1895 875 ab
1923 837 2068 890 Oedipo

208 898 339 937 exsule
375 897 414 936 in
451 911 541 948 agro
580 897 742 936 Coloneo
778 895 991 935 abstrahere
1027 906 1177 935 conatus
1214 907 1310 936 esset
1348 897 1426 936 865
1451 911 1533 947 sqq.
1542 924 1556 943 ,
1597 906 1634 935 et
1671 912 1786 937 uxore
1822 908 1858 937 et
1893 897 1970 937 filio
2007 913 2068 938 or-

206 960 366 998 baretur.

312 1060 388 1099 Ubi
423 1059 579 1112 primum
617 1058 732 1107 enim,
773 1059 922 1096 Eteocle
958 1066 994 1095 et
1031 1059 1205 1111 Polynice
1241 1059 1390 1108 occisis,
1430 1060 1651 1109 Argivorum
1682 1060 1864 1100 exercitus
1890 1061 2007 1100 victus
2043 1075 2067 1101 a

209 1122 359 1163 Thebis·
377 1120 638 1174 oppugnandis
665 1119 846 1165 discessit,
876 1121 1009 1169 Creon,
1037 1118 1084 1157 ad
1112 1134 1220 1170 quem
1248 1133 1400 1171 regnum
1428 1120 1583 1160 civitatis
1610 1130 1839 1174 pervenerat,
1868 1123 2066 1174 Eteoclem,

205 1184 303 1237 quod
341 1182 499 1236 patriam
537 1181 739 1220 defendens
774 1182 812 1219 in
840 1180 981 1233 proelio
1019 1181 1229 1229 cecidisset,
1265 1181 1362 1220 iusto
1389 1181 1516 1220 sunere
1542 1183 1691 1233 extulit,
1730 1183 1937 1237 Polynicem
1965 1184 2066 1224 inse-

205 1246 348 1300 pultum
376 1242 528 1289 abiecit,
567 1256 698 1293 quum,
727 1241 791 1292 qui
828 1241 971 1293 patriae
999 1241 1136 1280 bellum
1163 1241 1365 1292 intulisset,
1393 1257 1475 1282 eum
1501 1258 1548 1282 ne
1574 1245 1827 1297 sepeliendum
1854 1245 2000 1296 quidem
2026 1245 2064 1284 in

203 1306 322 1362 patrio
349 1305 429 1345 solo
456 1318 538 1344 esse
564 1303 761 1343 dictitaret.
820 1304 867 1341 Et
893 1302 1128 1354 pronuntiare
1155 1302 1280 1353 iussit,
1317 1303 1350 1343 si
1379 1303 1462 1355 quis
1490 1305 1699 1359 Polynicem
1727 1305 1879 1346 humare
1906 1316 2057 1347 conatus

203 1378 318 1416 esset,
355 1368 454 1404 hunc
490 1364 621 1416 capitis
657 1377 812 1416 poenam
849 1377 931 1401 esse
966 1364 1185 1404 soluturum.
1249 1365 1435 1415 Antigona
1463 1376 1592 1404 conata
1619 1376 1688 1406 est.
1753 1368 2063 1418 Comprelieusam

203 1428 393 1476 custodes,
430 1440 522 1478 quos
550 1427 670 1465 Creon
698 1422 868 1463 cadaveri
896 1423 1080 1477 Polynicis
1107 1434 1350 1477 apposuerat,
1388 1425 1435 1464 ad
1465 1428 1656 1465 Creontem
1684 1425 1881 1468 duxerunt.
1936 1430 1971 1468 ls
1997 1443 2063 1468 ne-

203 1506 273 1542 que
300 1488 630 1542 propinquitatem,
658 1500 754 1537 quae
780 1486 814 1524 ei
842 1500 923 1524 cum
951 1485 1151 1536 Antigona,
1179 1487 1315 1525 sororis
1341 1487 1439 1536 filia,
1467 1487 1735 1537 intercedebat,
1762 1488 1917 1538 veritus,
1945 1505 2063 1541 neque

201 1552 372 1606 precibus
418 1548 752 1596 minationibusque
798 1545 998 1586 Haemonis
1036 1546 1125 1592 filii,
1174 1546 1236 1598 qui
1280 1547 1503 1598 Antigonam
1551 1547 1623 1587 sibi
1670 1548 1888 1601 desponsam
1937 1550 2062 1591 intimo

202 1627 326 1652 amore
352 1609 660 1662 amplectebatur,
699 1617 919 1656 commotus,
955 1608 1088 1660 capitis
1116 1609 1344 1657 damnatam,
1373 1609 1512 1659 vivam,
1540 1619 1580 1648 nt
1605 1610 1703 1648 same
1728 1611 1880 1662 periret,
1907 1626 2062 1651 caverna

201 1674 359 1727 quadam
386 1672 625 1712 subterranea
651 1668 811 1709 inclusit.
868 1671 951 1717 Quo
979 1668 1095 1719 facto,
1132 1684 1243 1721 quum
1271 1670 1436 1710 Tiresias
1463 1670 1624 1711 venisset
1650 1671 1924 1722 docuissetque,
1958 1687 2061 1713 sacra

200 1737 274 1775 iam
301 1733 424 1773 felicia
451 1747 523 1771 non
551 1746 633 1770 esse
659 1744 820 1780 avesque
848 1739 953 1768 cautu
993 1744 1036 1768 ac
1063 1732 1186 1769 volatu
1215 1746 1280 1769 suo
1308 1732 1516 1770 tristissima
1542 1746 1711 1783 quaeque
1736 1734 1966 1785 praedicere,
2002 1745 2059 1772 at-

201 1812 273 1850 que
308 1794 401 1835 haec
436 1793 488 1833 ita
523 1791 604 1832 fieri
641 1791 910 1841 admonuisset,
948 1791 1045 1841 quod
1084 1801 1246 1832 mortuus
1285 1792 1475 1847 Polynices
1511 1793 1610 1847 apud
1647 1808 1800 1848 superos
1834 1794 2058 1845 retineretur,

199 1859 453 1898 detruderetur
479 1856 525 1893 ad
554 1856 689 1893 inferos
716 1854 901 1904 Antigona
930 1853 1013 1891 viva
1040 1854 1202 1893 nefarie:
1251 1857 1392 1900 Creon,
1432 1855 1541 1894 huius
1580 1856 1794 1894 auctoritate
1831 1857 2058 1905 conterritus,

200 1928 235 1958 et
263 1917 472 1971 Poly-niceni
501 1913 651 1968 sepeliri
688 1923 722 1952 et
752 1914 972 1964 Antigonam
1005 1913 1160 1953 vinculis
1187 1915 1337 1953 liberari
1363 1915 1483 1954 iussit.
1538 1917 1628 1953 Sero
1655 1915 1773 1954 iussit.
1826 1919 1918 1955 Nam
1948 1931 2059 1968 quum

198 1980 352 2034 ipsead
381 1978 602 2029 Antigonam
630 1975 843 2014 solvendam
872 1975 921 2013 ad
947 1988 1139 2014 cavernam
1168 1976 1399 2022 accessisset,
1427 1979 1569 2015 Haemo
1597 1976 1708 2026 filius,
1736 1977 1799 2028 qui
1827 1977 1935 2017 etiam
1963 1979 2057 2031 ipse,

199 2055 370 2096 sponsam
401 2054 504 2079 suam
531 2038 771 2086 liberaturus,
808 2046 1031 2085 accesserat,
1068 2046 1263 2088 postquam
1302 2037 1397 2076 hanc
1432 2037 1579 2088 cingulo
1607 2052 1674 2077 suo
1702 2052 1725 2077 a
1751 2039 1947 2090 semetipsa
1972 2055 2055 2078 sus-

197 2116 349 2156 pensam
376 2099 536 2144 invenh,
575 2097 701 2136 dolore
727 2098 933 2143 consectus,
971 2107 1164 2149 praesente
1191 2107 1295 2151 patre
1330 2113 1476 2137 manum
1504 2098 1577 2137 sibi
1603 2098 1738 2138 intulit.
1799 2099 1915 2139 Cuius
1942 2109 2055 2140 morte

197 2164 362 2214 cognita,
399 2159 586 2211 Eurydice
612 2166 746 2206 mater,
784 2157 973 2207 coniugem
1002 2159 1200 2204 detestata,
1237 2159 1300 2209 qui
1329 2159 1483 2197 alterum
1510 2169 1657 2209 quoque
1682 2159 1798 2198 filium
1827 2163 2053 2212 Megareum,

199 2235 235 2263 ut
272 2222 428 2276 patriam
466 2221 514 2258 ab
540 2218 690 2270 Argivis
724 2218 955 2268 defenderet,
993 2220 1142 2259 oraculo
1180 2220 1337 2272 quodam
1375 2219 1574 2270 adductus,
1610 2220 1867 2271 interfecisset,
1904 2230 2052 2260 mortem

195 2285 375 2338 sibiipsa
403 2281 592 2322 conscivit.
657 2283 833 2332 Superest
869 2282 1007 2330 Creon,
1044 2291 1080 2320 et
1115 2282 1271 2333 coniuge
1308 2289 1343 2319 et
1380 2280 1456 2333 filio
1493 2290 1530 2320 et
1564 2296 1658 2321 nuru
1695 2282 1844 2336 orbatus
1880 2291 2052 2334 tantoque

195 2337 303 2392 luctu,
325 2344 534 2395 confossus,
562 2350 721 2395 quantus
747 2340 785 2380 in
813 2340 996 2381 hominem
1027 2343 1157 2382 cadere
1184 2353 1303 2397 potest
1329 2342 1523 2385 maximus.

297 2416 379 2469 Has
404 2413 463 2468 res
490 2424 697 2480 Sophocles
731 2422 938 2474 Antigona
965 2424 1181 2478 explicavit,
1219 2435 1255 2465 et
1293 2425 1344 2465 ita
1380 2425 1596 2479 explicavit,
1635 2434 1692 2475 ut,
1731 2440 1826 2480 quae
1857 2426 2049 2468 calamitas
