2270 2915
943 143 1246 185 *13-

161 280 364 324 ‚verutum
389 285 510 324 neque
544 270 664 315 videt,
703 283 841 321 neque,
880 282 1001 308 rerum
1037 266 1224 307 atrocitate
1259 266 1524 315 labefactatus,
1560 279 1632 317 quo
1658 263 1768 305 modo
1804 279 1907 304 suam
1940 263 2024 317 ipse

170 336 344 378 salutem
354 333 546 388 expediat,
585 332 709 372 habet.
771 330 832 372 Ad
868 329 963 372 hanc
998 318 1273 387 similitudinem
1309 329 1477 382 Oedipus
1515 342 1627 380 quum
1663 327 1710 366 ab
1746 325 1909 378 antiquis
1945 325 2021 366 illis

168 398 396 442 hominibus,
425 395 488 446 qui
516 395 583 434 has
609 394 754 434 fabulas
780 393 850 435 vel
865 392 1081 434 invenerunt
1106 392 1165 430 vel
1191 402 1391 441 auxerunt,
1416 391 1649 436 informatus,
1682 398 1757 428 tum
1785 403 1808 427 a
1834 388 2022 440 Sophocle

159 469 262 501 arte
270 472 338 499 sua
363 457 567 496 illustratus
594 463 661 495 est.
726 457 848 507 Caput
875 453 970 493 enim
997 453 1126 493 harum
1152 468 1272 493 rerum
1298 452 1469 505 aenigma
1496 462 1570 503 est,
1609 450 1729 503 quod,
1766 450 1814 489 ab
1851 449 2020 503 Sphinge

165 519 412 574 propositum,
438 518 608 573 Oedipus
633 516 755 556 solvit.
809 515 894 554 Fuit
919 515 1013 555 hoc:

527 617 627 655 ’Ἐστι
655 615 796 654 δίπουν
823 613 889 652 ἐπὶ
911 615 979 665 γῆς
1004 616 1069 651 καὶ
1094 616 1299 664 τέτραπον,
1336 611 1382 652 οὗ
1406 615 1477 662 μία
1504 612 1623 663 φωνή,

535 681 601 716 καὶ
627 680 777 726 τρίπον·
817 673 1001 713 ἀλλάσσει
1028 675 1070 713 δὲ
1097 674 1196 726 φυὴν
1221 675 1345 725 μόνον
1372 672 1458 712 ὄσσ’
1485 674 1551 711 ἐπὶ
1576 679 1694 721 γαῖαν

530 738 673 789 ἑρπετὰ
699 744 857 776 κινεῖται
884 735 964 775 dvo}
990 734 1027 774 τ’
1055 737 1201 786 αΐθέρα
1227 741 1290 774 καὶ
1316 735 1414 774 κατὰ
1440 736 1599 773 πόντον.

529 797 617 838 ἀλλ’
645 798 795 838 ὁπόταν
821 798 1057 837 πλείστοισιν
1083 797 1325 848 ἐρειδόμενον
1352 800 1446 836 ποσὶ
1471 799 1605 850 βαίνῃ,

532 860 639 900 ἔνθα
665 861 779 909 τάχος
803 862 966 907 γυίοισιν
992 857 1264 910 ἀφαυρότατον
1291 859 1401 896 πέλει
1428 856 1560 895 αὖτοῦ.

264 962 474 1001 pertinebat
498 962 612 1013 igitur
638 962 685 1001 ad
713 961 908 1000 hominem.
964 961 1073 1008 Quod
1101 960 1272 1010 aenigma
1298 974 1409 1009 quum
1435 958 1540 997 multi
1567 958 1710 997 solvere
1736 957 1870 994 frustra
1893 955 2017 994 conati

159 1031 297 1071 essent,
326 1023 500 1073 Oedipus*
519 1023 693 1060 facillime
719 1022 841 1061 solvit.
898 1024 951 1069 ls,
988 1020 1075 1071 quid
1103 1020 1211 1058 homo
1239 1029 1353 1069 esset,
1390 1019 1548 1067 sciebat,
1586 1018 1791 1066 nesciebat,
1830 1017 1895 1067 qui
1920 1025 2016 1055 esset

157 1083 252 1136 ipse.
303 1082 471 1132 Reliqui,
499 1083 562 1133 qui
588 1082 785 1132 aenigmati
812 1082 986 1119 solvendo
1015 1082 1147 1119 frustra
1175 1095 1322 1132 operam
1350 1080 1632 1132 impendissent,
1661 1079 1854 1130 peribant3
1898 1077 2016 1116 Oedi·

158 1158 247 1196 pus,
282 1143 340 1180 cui
367 1143 541 1195 optimum
569 1152 646 1181 erat
673 1142 811 1194 perire,
848 1156 960 1192 quum
987 1141 1192 1179 tristissima
1219 1156 1386 1192 quaeque
1414 1142 1448 1179 ei
1474 1140 1745 1192 impenderent,
1783 1149 1820 1177 et
1856 1139 2013 1188 gloriam

159 1203 373 1254 aenigmatis
411 1204 520 1241 soluti
556 1212 592 1241 et
628 1202 792 1255 praemia
828 1201 924 1240 tulit.
986 1204 1063 1239 lam
1100 1201 1271 1240 Thebani
1306 1216 1390 1239 eum
1427 1201 1520 1239 nihil
1555 1215 1629 1239 non
1665 1213 1775 1252 posse
1811 1199 2013 1239 confidunt.

158 1268 377 1316 Quanquam
405 1264 585 1303 Tiresiam
612 1272 711 1302 tanto
740 1263 876 1302 honore
903 1262 1058 1311 habent,
1095 1271 1135 1301 ut
1163 1263 1310 1312 eadem,
1339 1277 1433 1314 quae
1460 1262 1595 1315 Apollo
1623 1261 1762 1308 videat,
1790 1260 1915 1300 videre
1943 1260 2012 1299 Ti-

157 1326 289 1365 resiam
312 1325 526 1377 'praedicent
553 1324 644 1373 284,
672 1325 802 1369 eidem,
831 1325 878 1362 ab
905 1338 993 1374 rege
1020 1338 1087 1361 suo
1114 1324 1335 1362 teterrimum
1363 1325 1498 1362 crimen
1525 1324 1726 1362 consectum
1754 1337 1836 1361 esse
1861 1321 2010 1370 dicenti,

157 1387 266 1426 fidem
292 1400 365 1424 non
392 1386 528 1424 habent
554 1399 673 1436 neque
703 1385 870 1423 dubitant
895 1384 1127 1434 contendere,
1155 1386 1202 1423 ab
1230 1385 1375 1437 Oedipo
1405 1384 1571 1423 Tiresiae
1599 1382 1852 1437 prudentiam,
1879 1382 1913 1422 si
1939 1396 2011 1421 non

155 1447 340 1499 superari,
377 1457 415 1485 at
450 1456 546 1483 certe
584 1446 743 1495 aequari·
773 1448 850 1485 500
885 1460 966 1495 sqq.
1030 1450 1138 1484 Hunc
1173 1446 1402 1498 potissimum
1438 1446 1592 1494 adeunt,
1630 1457 1713 1483 vate
1746 1446 1932 1495 neglecto,
1970 1453 2010 1482 ut

155 1507 363 1560 pestilentia
390 1522 430 1546 se
457 1506 607 1553 liberet3
649 1506 745 1544 hunc
793 1507 945 1557 ἀνδρῶν
971 1510 1124 1558 πρῶτον
1162 1508 1205 1547 ἔν
1230 1524 1270 1547 τε
1303 1516 1515 1559 συμφοραῖς
1541 1511 1627 1558 βίου
1664 1507 1707 1546 ἔν
1735 1523 1774 1546 τε
1811 1506 2009 1557 δαιμόνων

155 1571 410 1619 ξυναλλαγαῖς
435 1582 515 1607 esse
540 1566 752 1606 existimant
790 1570 853 1608 33.
919 1570 1045 1619 Neque
1071 1583 1157 1608 vero
1190 1584 1262 1608 non
1289 1570 1442 1607 multum
1469 1568 1540 1607 sihi
1567 1567 1694 1606 tribuit
1721 1567 1889 1620 Oedipus
1915 1566 2009 1619 ipse.

153 1634 272 1669 Vocat
298 1645 339 1669 se
377 1631 445 1671 τὸν
471 1633 570 1670 πᾶσι
596 1625 749 1670 κλεινὸν
777 1631 968 1670 Οἰδίπουν
993 1633 1234 1682 καλούμενον
1260 1632 1298 1677 8,
1339 1639 1376 1669 et
1411 1630 1509 1681 quod
1546 1629 1715 1680 aenigma
1741 1628 1909 1677 solverit,
1946 1628 2006 1666 in-

154 1692 315 1730 solenter
341 1691 378 1729 in
407 1691 587 1730 Tiresiam
616 1690 793 1741 gloriatur
831 1691 908 1729 390
935 1701 1016 1742 sqq.
1067 1695 1130 1730 'At
1156 1707 1241 1730 vero
1279 1691 1386 1730 hoc
1373 1706 1494 1743 ipsum
1521 1700 1624 1729 vates
1649 1689 1944 1741 sapientissimus
1970 1689 2005 1727 ei

152 1752 240 1790 dicit
266 1752 440 1804 perniciei
468 1753 676 1801 contigisse,
705 1759 765 1790 ut
761 1751 940 1803 aenigma
966 1753 1122 1791 solveret
1146 1752 1237 1804 44.,
1271 1761 1307 1791 et
1332 1753 1446 1792 multo
1472 1751 1727 1804 gravissimum
1753 1759 1810 1789 est
1834 1750 1953 1789 iilud.

518 1833 563 1872 σὺ
588 1837 652 1871 και
679 1835 861 1885 δέδορκας
893 1832 962 1872 κοῦ
986 1835 1141 1883 βλέπεις
1167 1832 1216 1873 ι”ν
1244 1836 1282 1872 εἴ
1303 1835 1443 1873 κακοῦ

149 1914 240 1955 413.
295 1916 415 1964 Atque
441 1914 479 1953 in
507 1914 577 1956 hac
603 1914 776 1957 caecitate
803 1928 927 1953 omnes
954 1924 1155 1960 versantur,
1183 1923 1330 1966 praeter
1355 1929 1467 1953 unum
1495 1913 1689 1963 Tiresiam,
1717 1927 1837 1963 neque
1862 1913 2000 1952 intelli-

149 1982 257 2025 gunt,
278 1987 336 2018 ¹se
371 1973 572 2022 „incedere
598 1988 665 2024 per
690 1975 800 2025 ignes
820 1974 1038 2027 suppositos
1066 1974 1179 2012 cineri
1204 1975 1375 2013 d010s0.“
1436 1972 1680 2011 Admirabilis
1706 1973 1818 2025 plane
1844 1982 1899 2011 est
1925 1986 2000 2022 ars,

149 2049 222 2086 qua
249 2035 454 2105 Spphocles
490 2033 630 2083 effecit,
666 2044 705 2073 ut
730 2036 932 2085 scelerum,
967 2035 1006 2073 in
1043 2036 1176 2086 quibus
1202 2035 1368 2087 Oedipus
1401 2043 1496 2083 erat,
1533 2034 1732 2085 ingentem<
1756 2034 1851 2084 vim,
1888 2049 1999 2086 quum

146 2095 221 2134 iam
257 2096 404 2146 iamque
439 2104 610 2148 eruptura
648 2094 850 2145 videretur,
887 2103 927 2133 ut
962 2097 1151 2147 patefieret
1182 2105 1218 2135 et
1244 2097 1507 2145 illustraretur,
1542 2104 1664 2136 tamen
1690 2110 1796 2135 nemo
1823 2105 1999 2145 cerneret,

147 2171 253 2196 nemo
289 2171 335 2195 ne
371 2156 618 2207 suspicaretur
655 2156 814 2208 quidem.
876 2156 1005 2204 Quid?
1046 2157 1143 2208 quod
1182 2157 1350 2210 Oedipus
1387 2157 1616 2210 pronuntiat,
1652 2171 1692 2195 se
1728 2157 1775 2206 de
1810 2155 1997 2195 interfecto

147 2212 248 2261 Laio
261 2217 403 2271 pariter
429 2230 472 2255 ac
499 2216 545 2254 de
571 2226 677 2268 patre
703 2230 770 2257 suo
791 2217 1043 2269 quaestionem
1069 2218 1248 2258 factarum
1275 2234 1357 2259 esse
1392 2218 1490 2267 264,
1530 2218 1629 2269 quod
1665 2217 1809 2258 chorus
1839 2216 1998 2257 interro-

146 2278 248 2332 ganti
274 2279 420 2329 nuntio,
457 2278 521 2318 ubi
549 2278 733 2331 Oedipus
732 2279 808 2330 sit,
845 2279 1040 2332 respondet
1074 2278 1169 2318 illud
1206 2281 1317 2333 plane
1350 2280 1485 2319 fatale.
1527 2280 1643 2326 αὐτὸς
1668 2280 1797 2326 ἔνδον,
1844 2280 1876 2319 ὦ
1901 2283 1996 2329 ξένε·

145 2341 239 2393 γυνὴ
265 2342 314 2380 δὲ·
332 2342 452 2392 μκὴτηρ
477 2342 594 2393 ἥδε..
611 2369 620 2379 .
648 2341 737 2387 927,
778 2343 900 2380 nonne
934 2340 983 2379 ad
1012 2340 1292 2381 'unum'omnes
1329 2342 1431 2379 ulcus
1467 2340 1562 2379 illud
1597 2341 1716 2393 latens
1751 2340 1860 2392 quasi
1885 2353 1996 2379 mann

145 2401 342 2452 tangunt?
382 2400 457 2440 Sed
484 2416 531 2442 ne
557 2400 732 2449 samiam,-
754 2401 917 2443 Chorum
943 2401 1076 2442 fiducia
1101 2411 1213 2454 tenet,
1241 2416 1351 2453 quam
1376 2402 1414 2442 in
1441 2416 1531 2455 rege
1557 2415 1623 2442 suo
1649 2401 1851 2455 repositam
1869 2400 1995 2452 habet,

1595 2475 1620 2514 4
