2270 2915
997 143 1300 186 *14⁵¹*—

213 269 400 322 Oedipnm
427 268 641 319 iracundia,
660 282 770 321 quae,
797 282 821 308 a
848 267 994 308 Tiresia
1020 267 1197 319 excitata,
1225 278 1260 308 et
1286 269 1324 308 in
1351 269 1449 308 hunc
1473 270 1576 310 etin
1604 272 1796 310 Creontem
1822 284 1877 313 est
1902 276 2076 317 maxima.

211 333 321 370 Hanc
346 330 573 370 iracundiam
611 330 816 384 Sophocles
852 329 1004 382 reliquis
1032 330 1170 383 Oedipi
1205 330 1366 370 moribus
1402 330 1672 383 sapientissime
1708 333 1895 386 appinxit,
1932 347 1974 377 m
1996 336 2075 378 sde-

212 402 447 443 monstraret,
484 408 557 445 quo
595 393 683 432 vitio
721 392 769 430 ad
807 392 951 431 initium
988 393 1166 431 scelernm
1201 406 1348 432 suornm
1375 393 1580 433 faciendum
1609 395 1797 435 celerrime
1823 397 2076 440 exstimulatus

212 462 326 503 esset,
364 454 493 494 eodem
530 468 613 492 eum
640 454 843 493 diutissime
871 453 1040 500 retineri,
1079 454 1274 505 quominus
1309 454 1468 504 videret,
1504 454 1542 493 in
1572 465 1708 506 quanta
1734 470 1854 496 rernm
1881 460 2077 500 acerbitate

211 526 433 556 versaretur.
489 516 668 556 Crederes
696 515 806 563 enim,
836 515 1043 568 Oedipum,
1080 517 1128 555 ab
1157 503 1600 569 Apotiineadmonimn„
1640 531 1688 556 ne
1715 527 1855 571 patrem
1882 521 2075 572 occideret,

210 578 305 616 nihil
333 578 519 630 antiquius
546 577 740 627 habuisse,
778 592 887 629 quam
926 585 965 615 ut
992 577 1039 616 ab
1067 578 1181 617 caede
1208 577 1353 617 omnino
1381 592 1420 617 se
1446 577 1659 620 abstineret.
1722 580 1797 619 Sed
1824 580 1888 619 vix
1917 582 2075 636 Delphis

212 640 400 685 discessit,
437 654 547 690 quum
575 639 650 677 levi
676 653 767 677 sane
795 638 929 677 iniuria
957 638 1004 676 ad
1033 638 1216 690 ingentem
1246 639 1336 677 iram
1365 639 1562 688 excitatus,
1592 655 1662 679 uon
1691 656 1822 687 unum,
1851 643 1916 681 sed
1944 646 2076 685 multos

210 701 377 740 homines
415 715 486 739 uno
523 709 686 753 tempore
723 699 920 740 trucidavit
959 700 1038 740 805
1065 716 1147 753 sqq.
1216 701 1276 740 Ad·
1310 700 1535 740 iracundiam
1575 702 1727 742 accessit
1763 703 1907 745 levitas.
1976 706 2075 754 Quid

211 762 307 800 enim
335 762 476 811 levius,
514 776 623 811 quam
651 761 823 800 continuo
860 771 943 814 post
971 762 1120 800 caedem
1148 771 1392 814 perpetratam
1419 762 1598 801 interfecti
1625 764 1724 814 regis
1750 764 1897 803 viduam
1936 767 2075 815 (inter-

210 823 345 862 fectum
374 838 454 863 esse
481 822 635 869 Laium,
663 822 836 862 Thebani
863 822 986 862 statim
1013 833 1259 874 cognoverant
1297 823 1373 863 118
1399 824 1502 876 sqq.)
1533 838 1683 864 uxorem
1711 825 1864 872 ducere,
1902 840 2012 877 quum
2040 836 2076 866 et

210 884 247 923 in
276 884 522 936 suspicionem
551 883 725 933 venisset,
752 895 916 931 matrem,
946 898 1052 935 quam
1082 893 1238 936 putaret,
1266 898 1337 923 non
1366 899 1449 923 esse
1477 894 1627 925 matrem
1654 900 1759 926 suam
1790 888 1879 937 780,
1921 897 1957 927 et
1984 888 2075 928 deus

210 945 414 993 docuisset,
441 944 479 983 in
508 944 593 983 fatis
620 958 721 993 esse,
750 954 807 993 ut,
835 954 940 996 patre
967 945 1169 995 interfecto,
1197 954 1350 984 matrem
1378 946 1555 986 duceret?
1609 950 1687 987 lam
1714 962 1810 999 quae
1834 948 1965 988 levitas
1992 963 2074 989 eum

209 1006 257 1046 ad
286 1005 554 1045 matrimonium
582 1004 873 1044 infelicissimum
899 1005 1100 1045 ineundum
1128 1006 1338 1059 impulerat,
1366 1007 1507 1057 eadem,
1535 1022 1580 1046 ne
1606 1007 1849 1060 intelligeret,
1875 1024 1948 1061 quo
1976 1019 2074 1050 statu

211 1077 332 1108 essent
371 1081 428 1106 res
465 1080 575 1115 suae,
615 1066 819 1117 impedivit.
883 1069 977 1105 Nam
1017 1081 1129 1117 quum
1157 1067 1314 1105 oraculis
1352 1068 1422 1105 hoc
1447 1081 1594 1120 semper
1621 1069 1851 1108 tribuendum
1880 1085 1962 1109 esse
1989 1085 2075 1110 cen-

209 1129 361 1174 suisset,
401 1137 459 1177 ut,
492 1141 588 1178 quae
615 1127 768 1166 crimina
794 1141 835 1166 se
862 1125 977 1166 vitare
1004 1127 1192 1177 iuberent,
1221 1141 1265 1166 ea
1292 1126 1558 1167 studiosissime
1586 1128 1735 1178 vitaret,
1763 1130 1922 1181 denique
1949 1132 2075 1171 uxoris

210 1204 301 1230 suae
327 1188 477 1227 levitate
502 1188 684 1228 adductus
712 1197 786 1237 est,
826 1196 865 1226 ut
902 1187 995 1226 haec
1021 1188 1105 1240 ipsa
1132 1188 1282 1227 oracula
1319 1202 1386 1241 pro
1414 1188 1530 1228 nihilo
1557 1190 1724 1241 putanda
1761 1200 1798 1230 et
1824 1205 1906 1229 cum
1933 1192 2074 1245 Polybo

209 1260 351 1290 mortuo
378 1248 579 1303 composita
608 1258 644 1287 et
671 1249 816 1302 sepulta
843 1263 925 1288 esse
951 1247 1163 1301 opinaretur
1203 1250 1294 1290 971.
1359 1251 1446 1298 Qua
1472 1249 1646 1303 opinione
1683 1266 1793 1303 quam
1820 1251 1981 1304 graviter
2007 1253 2075 1293 de-

209 1313 325 1353 iectus
352 1313 429 1352 est!
484 1311 588 1351 Nihil
626 1311 722 1350 enim
761 1325 833 1349 non
872 1310 1006 1349 sactum
1048 1319 1103 1349 est
1129 1324 1275 1362 eorum,
1312 1325 1408 1362 quae
1444 1312 1565 1351 sutura
1593 1326 1675 1353 esse
1711 1313 1764 1353 dii
1790 1313 2074 1367 praedixerant;

210 1375 259 1415 ad
286 1388 382 1427 quae
407 1372 620 1424 effugienda
653 1371 834 1423 quidquid
861 1371 974 1411 studii
1002 1380 1037 1411 et
1064 1386 1200 1425 operae
1237 1372 1319 1425 ipse
1345 1373 1597 1425 impenderat,
1636 1374 1675 1413 id
1713 1389 1864 1428 prorsus
1900 1376 2074 1428 perdidit.

211 1440 342 1485 Quam
371 1436 488 1475 fallax
525 1433 640 1485 igitur
675 1434 863 1473 hominum
901 1447 1008 1486 spes,
1048 1447 1159 1485 quam
1198 1433 1342 1485 fragilis
1380 1434 1545 1484 fortuna,
1582 1448 1692 1486 quam
1730 1436 1858 1476 inanes
1885 1436 1959 1477 sint
1984 1452 2073 1477 con-

209 1497 408 1546 tentiones,
447 1495 531 1547 quis
557 1494 678 1546 magis
705 1495 863 1547 probare
890 1503 1029 1546 potest,
1069 1509 1177 1544 quam
1207 1494 1405 1548 Oedipus?
1455 1495 1519 1547 qui
1557 1509 1668 1547 quum
1696 1496 1867 1548 aenigma
1893 1498 2073 1551 Sphingis

210 1558 399 1607 solvisset,
438 1556 557 1595 maius
585 1555 756 1606 aenigma
782 1569 872 1594 suae
899 1555 998 1593 vitae
1025 1570 1097 1594 non
1125 1556 1253 1602 solvit,
1292 1555 1356 1607 qui
1394 1570 1506 1607 quum
1532 1556 1838 1609 prudentissimus
1875 1572 1919 1597 ac
1952 1573 2072 1599 rerum

208 1618 453 1673 peritissimus
480 1631 561 1657 esse
588 1626 624 1656 et
649 1616 722 1656 sibi
749 1616 850 1655 visus
877 1625 973 1655 esset
1000 1624 1036 1655 et
1063 1617 1212 1666 ceteris,
1249 1616 1344 1656 nihil
1369 1617 1481 1668 vidit,
1507 1617 1602 1657 nihil
1628 1617 1831 1669 intellexit,
1870 1619 1934 1671 qui
1960 1634 2071 1671 quum

208 1680 352 1718 civibus
378 1679 456 1717 suis
483 1679 640 1717 salutem
666 1676 867 1725 attulisset,
905 1690 1009 1714 suam
1035 1676 1200 1716 obtinere
1227 1692 1300 1716 non
1327 1678 1465 1730 potuit,
1501 1691 1621 1729 neque
1647 1678 1741 1729 iam,
1778 1693 1898 1718 rerum
1925 1694 2072 1720 suarum

208 1739 423 1780 infelicitate
449 1748 662 1792 perspecta,
700 1736 911 1791 perfugium
938 1736 1012 1776 sibi
1040 1751 1083 1777 ac
1109 1746 1255 1790 portum
1293 1747 1357 1777 aut
1394 1738 1493 1790 apud
1519 1752 1673 1792 superos
1709 1750 1773 1780 aut
1808 1741 1909 1794 apud
1936 1741 2073 1782 inferos

208 1800 443 1841 constitutum
471 1815 551 1840 esse
580 1815 692 1840 ausus
720 1808 775 1839 est
800 1812 952 1853 sperare
978 1800 1077 1838 1371
1107 1813 1189 1851 sqq.
1245 1798 1388 1849 Oculis,
1416 1799 1480 1851 qui
1505 1813 1587 1839 sero
1614 1799 1807 1851 vidissent,
1836 1815 1933 1853 quae
1958 1802 2071 1841 multo

208 1872 293 1903 ante
319 1861 447 1901 videre
474 1861 677 1900 debuerant
716 1862 835 1909 1271,
874 1859 957 1911 ipse
982 1873 1023 1898 se
1049 1859 1221 1912 privavit.
1275 1863 1316 1900 ln
1343 1860 1413 1900 hac
1439 1869 1540 1900 tanta
1568 1860 1706 1915 Oedipi
1733 1863 1941 1902 calamitate
1969 1864 2071 1903 Cho-

206 1939 270 1964 rus
297 1923 505 1963 nniversam
532 1922 681 1974 generis
707 1920 860 1961 humani
886 1921 1068 1960 fortunam
1097 1921 1336 1961 miserrimam
1363 1921 1530 1975 deplorat
1558 1923 1660 1962 1186
1673 1938 1758 1975 sqq.
1812 1924 1887 1963 Sed
1915 1938 1989 1964 una
2015 1935 2071 1965 est

208 1986 311 2024 salus
337 1998 526 2034 unumque
551 1983 749 2035 refugium.
796 1986 900 2021 Haec
927 1990 982 2021 est
1009 1982 1129 2034 pietas
1155 1983 1332 2022 adversus
1358 1983 1460 2022 deos.
1514 1985 1618 2031 Quos
1645 1984 1710 2035 qui
1737 1984 1848 2024 duces
1871 1995 2072 2036 sequuntur

207 2060 252 2085 ac
279 2045 342 2098 pie
369 2045 512 2095 colunt,
550 2043 610 2094 hi,
636 2045 684 2083 ab
712 2042 984 2083 calamitatibus
1010 2042 1101 2090 tuti,
1129 2043 1364 2095 tranquillam
1389 2043 1575 2097 nullisque
1599 2044 1863 2096 cupiditatibus
1889 2046 2069 2087 turbatam

208 2106 320 2146 vitam
346 2105 487 2157 degunt
512 2105 592 2144 863
606 2125 655 2134 -
670 2105 762 2145 910.

311 2211 390 2252 Sed
428 2218 601 2261 quantam
640 2209 693 2250 dii
731 2208 934 2263 potentiam
965 2223 1009 2249 ae
1034 2209 1262 2250 maiestatem
1288 2209 1327 2249 in
1353 2209 1611 2251 convincendis
1637 2223 1682 2250 ac
1707 2209 1905 2262 puniendis
1932 2210 2069 2264 Oedipi

208 2274 392 2315 erroribus
420 2271 679 2317 exhibuerunt,
706 2280 844 2311 tantam
871 2285 976 2310 suam
1002 2271 1342 2312 clementiam-esse
1367 2272 1614 2318 ostenderunt,
1642 2280 1681 2311 ut
1708 2271 1883 2312 afflictum
1910 2264 2069 2324 denique

208 2342 413 2375 recrearent
439 2346 483 2373 ac
509 2332 714 2371 reficerent.
766 2331 839 2371 Hic
865 2332 969 2371 locus
996 2346 1019 2371 a
1045 2332 1232 2384 Sophocle
1258 2332 1466 2384 explicatus
1494 2342 1548 2373 est
1589 2332 1736 2382 Oedipo
1765 2332 1938 2373 cotoneo.
1990 2336 2068 2373 Oe-

209 2397 319 2448 dipus
345 2407 458 2447 quum
485 2402 568 2446 post
594 2392 722 2433 ocules
748 2393 901 2434 effossos
939 2392 1030 2433 satis
1056 2393 1120 2433 din
1148 2393 1290 2434 Thebis
1327 2407 1409 2434 cum
1435 2394 1513 2436 suis
1539 2392 1712 2442 vixisset,
1751 2392 1910 2445 denique
1947 2394 2068 2448 patria
