<?xml version="1.0" encoding="UTF-8"?>
<!DOCTYPE html PUBLIC "-//W3C//DTD XHTML 1.0 Transitional//EN"
    "http://www.w3.org/TR/xhtml1/DTD/xhtml1-transitional.dtd">
<html xmlns="http://www.w3.org/1999/xhtml" xml:lang="en" lang="en">
 <head>
  <title>
</title>
<meta http-equiv="Content-Type" content="text/html;charset=utf-8" />
  <meta name='ocr-system' content='tesseract 3.04.00' />
  <meta name='ocr-capabilities' content='ocr_page ocr_carea ocr_par ocr_line ocrx_word'/>
</head>
<body>
  <div class='ocr_page' id='page_1' title='image "4768537_0036.png"; bbox 0 0 2270 2915; ppageno 0'>
   <div class='ocr_carea' id='block_1_1' title="bbox 931 152 1236 194">
    <p class='ocr_par' dir='ltr' id='par_1_1' title="bbox 931 152 1236 194">
     <span class='ocr_line' id='line_1_1' title="bbox 931 152 1236 194; baseline 0.007 -12"><span class='ocrx_word' id='word_1_1' title='bbox 931 152 1236 194; x_wconf 65' lang='lat'><strong>-23-</strong></span> 
     </span>
    </p>
   </div>
   <div class='ocr_carea' id='block_1_2' title="bbox 152 274 2018 1003">
    <p class='ocr_par' dir='ltr' id='par_1_2' title="bbox 152 274 2018 1003">
     <span class='ocr_line' id='line_1_2' title="bbox 152 274 2008 336; baseline 0.002 -15"><span class='ocrx_word' id='word_1_2' title='bbox 152 280 227 321; x_wconf 81' lang='lat' dir='ltr'><strong>fido</strong></span> <span class='ocrx_word' id='word_1_3' title='bbox 254 284 291 317; x_wconf 88' lang='lat' dir='ltr'><strong>et</strong></span> <span class='ocrx_word' id='word_1_4' title='bbox 317 274 445 324; x_wconf 83' lang='lat' dir='ltr'><strong>arnico,</strong></span> <span class='ocrx_word' id='word_1_5' title='bbox 473 276 690 327; x_wconf 86' lang='lat' dir='ltr'><strong>commissis,</strong></span> <span class='ocrx_word' id='word_1_6' title='bbox 716 286 844 316; x_wconf 78' lang='lat' dir='ltr'><strong>somno</strong></span> <span class='ocrx_word' id='word_1_7' title='bbox 870 274 1028 328; x_wconf 87' lang='lat' dir='ltr'><strong>capitur.</strong></span> <span class='ocrx_word' id='word_1_8' title='bbox 1082 276 1227 316; x_wconf 86' lang='lat' dir='ltr'><strong>Chorus</strong></span> <span class='ocrx_word' id='word_1_9' title='bbox 1253 275 1436 328; x_wconf 87' lang='lat' dir='ltr'><strong>admonet,</strong></span> <span class='ocrx_word' id='word_1_10' title='bbox 1463 287 1503 318; x_wconf 85' lang='lat' dir='ltr'><strong>nt</strong></span> <span class='ocrx_word' id='word_1_11' title='bbox 1529 292 1612 319; x_wconf 87' lang='lat' dir='ltr'><strong>cnm</strong></span> <span class='ocrx_word' id='word_1_12' title='bbox 1638 276 1783 331; x_wconf 79' lang='lat' dir='ltr'><strong>sagittis</strong></span> <span class='ocrx_word' id='word_1_13' title='bbox 1802 281 2008 336; x_wconf 75' lang='lat' dir='ltr'><strong>aufugiant.</strong></span> 
     </span>
     <span class='ocr_line' id='line_1_3' title="bbox 152 337 2009 396; baseline 0.002 -15"><span class='ocrx_word' id='word_1_14' title='bbox 152 342 415 396; x_wconf 82' lang='lat' dir='ltr'><strong>Neoptolemus</strong></span> <span class='ocrx_word' id='word_1_15' title='bbox 452 349 573 379; x_wconf 90' lang='lat' dir='ltr'><strong>autem</strong></span> <span class='ocrx_word' id='word_1_16' title='bbox 610 353 722 390; x_wconf 89' lang='lat' dir='ltr'><strong>quum</strong></span> <span class='ocrx_word' id='word_1_17' title='bbox 755 338 876 391; x_wconf 86' lang='lat' dir='ltr'><strong>ipsum</strong></span> <span class='ocrx_word' id='word_1_18' title='bbox 913 337 1155 378; x_wconf 78' lang='lat' dir='ltr'>Philoctetam</span> <span class='ocrx_word' id='word_1_19' title='bbox 1191 338 1445 378; x_wconf 85' lang='lat' dir='ltr'><strong>adducendum</strong></span> <span class='ocrx_word' id='word_1_20' title='bbox 1472 354 1555 380; x_wconf 86' lang='lat' dir='ltr'><strong>esse</strong></span> <span class='ocrx_word' id='word_1_21' title='bbox 1596 356 1669 381; x_wconf 89' lang='lat' dir='ltr'><strong>non</strong></span> <span class='ocrx_word' id='word_1_22' title='bbox 1707 341 1913 393; x_wconf 79' lang='lat' dir='ltr'><strong>ignoraret,</strong></span> <span class='ocrx_word' id='word_1_23' title='bbox 1948 359 2009 385; x_wconf 88' lang='lat' dir='ltr'><strong>re-</strong></span> 
     </span>
     <span class='ocr_line' id='line_1_4' title="bbox 155 399 2011 456; baseline 0.001 -11"><span class='ocrx_word' id='word_1_24' title='bbox 155 415 297 452; x_wconf 83' lang='lat' dir='ltr'><strong>manet3</strong></span> <span class='ocrx_word' id='word_1_25' title='bbox 336 412 588 456; x_wconf 80' lang='lat' dir='ltr'>experrectum</span> <span class='ocrx_word' id='word_1_26' title='bbox 616 401 800 450; x_wconf 80' lang='lat' dir='ltr'><strong>admonet,</strong></span> <span class='ocrx_word' id='word_1_27' title='bbox 827 415 899 440; x_wconf 89' lang='lat' dir='ltr'><strong>non</strong></span> <span class='ocrx_word' id='word_1_28' title='bbox 928 399 1088 451; x_wconf 90' lang='lat' dir='ltr'><strong>domum,</strong></span> <span class='ocrx_word' id='word_1_29' title='bbox 1115 401 1181 440; x_wconf 90' lang='lat' dir='ltr'><strong>sed</strong></span> <span class='ocrx_word' id='word_1_30' title='bbox 1209 400 1356 440; x_wconf 83' lang='lat' dir='ltr'><strong>Troiam</strong></span> <span class='ocrx_word' id='word_1_31' title='bbox 1384 401 1685 454; x_wconf 84' lang='lat' dir='ltr'><strong>proficiscendum</strong></span> <span class='ocrx_word' id='word_1_32' title='bbox 1713 418 1806 446; x_wconf 87' lang='lat' dir='ltr'><strong>esse.</strong></span> <span class='ocrx_word' id='word_1_33' title='bbox 1861 407 1946 454; x_wconf 78' lang='lat' dir='ltr'><strong>Qua</strong></span> <span class='ocrx_word' id='word_1_34' title='bbox 1971 422 2011 447; x_wconf 86' lang='lat' dir='ltr'><strong>re</strong></span> 
     </span>
     <span class='ocr_line' id='line_1_5' title="bbox 153 462 2010 521; baseline 0 -15"><span class='ocrx_word' id='word_1_35' title='bbox 153 466 388 521; x_wconf 86' lang='lat' dir='ltr'><strong>perturbatus</strong></span> <span class='ocrx_word' id='word_1_36' title='bbox 426 462 646 501; x_wconf 75' lang='lat' dir='ltr'><strong>Philoctetes</strong></span> <span class='ocrx_word' id='word_1_37' title='bbox 672 462 805 500; x_wconf 92' lang='lat' dir='ltr'><strong>iturum</strong></span> <span class='ocrx_word' id='word_1_38' title='bbox 844 475 885 500; x_wconf 91' lang='lat' dir='ltr'><strong>se</strong></span> <span class='ocrx_word' id='word_1_39' title='bbox 911 472 992 499; x_wconf 88' lang='lat' dir='ltr'><strong>esse</strong></span> <span class='ocrx_word' id='word_1_40' title='bbox 1018 469 1130 512; x_wconf 85' lang='lat' dir='ltr'><strong>negat</strong></span> <span class='ocrx_word' id='word_1_41' title='bbox 1166 471 1203 500; x_wconf 92' lang='lat' dir='ltr'><strong>et</strong></span> <span class='ocrx_word' id='word_1_42' title='bbox 1228 462 1381 512; x_wconf 83' lang='lat' dir='ltr'><strong>sagittas</strong></span> <span class='ocrx_word' id='word_1_43' title='bbox 1408 464 1579 515; x_wconf 88' lang='lat' dir='ltr'><strong>reposcit.</strong></span> <span class='ocrx_word' id='word_1_44' title='bbox 1630 466 1909 517; x_wconf 82' lang='lat' dir='ltr'><strong>Neoptolemum</strong></span> <span class='ocrx_word' id='word_1_45' title='bbox 1936 467 2010 506; x_wconf 89' lang='lat' dir='ltr'><strong>iam</strong></span> 
     </span>
     <span class='ocr_line' id='line_1_6' title="bbox 155 522 2012 577; baseline -0.001 -8"><span class='ocrx_word' id='word_1_46' title='bbox 155 528 232 569; x_wconf 88' lang='lat' dir='ltr'><strong>doli</strong></span> <span class='ocrx_word' id='word_1_47' title='bbox 259 536 295 567; x_wconf 91' lang='lat' dir='ltr'><strong>et</strong></span> <span class='ocrx_word' id='word_1_48' title='bbox 321 523 502 565; x_wconf 86' lang='lat' dir='ltr'><strong>mendacii</strong></span> <span class='ocrx_word' id='word_1_49' title='bbox 539 523 773 563; x_wconf 86' lang='lat' dir='ltr'><strong>vehementer</strong></span> <span class='ocrx_word' id='word_1_50' title='bbox 799 522 980 576; x_wconf 85' lang='lat' dir='ltr'><strong>poenitet,</strong></span> <span class='ocrx_word' id='word_1_51' title='bbox 1017 536 1103 573; x_wconf 89' lang='lat' dir='ltr'><strong>nec,</strong></span> <span class='ocrx_word' id='word_1_52' title='bbox 1141 523 1228 574; x_wconf 90' lang='lat' dir='ltr'><strong>quid</strong></span> <span class='ocrx_word' id='word_1_53' title='bbox 1256 523 1384 573; x_wconf 82' lang='lat' dir='ltr'><strong>saciat,</strong></span> <span class='ocrx_word' id='word_1_54' title='bbox 1420 523 1553 564; x_wconf 87' lang='lat' dir='ltr'><strong>habet:</strong></span> <span class='ocrx_word' id='word_1_55' title='bbox 1595 539 1706 577; x_wconf 89' lang='lat' dir='ltr'><strong>quum</strong></span> <span class='ocrx_word' id='word_1_56' title='bbox 1734 526 1855 566; x_wconf 82' lang='lat' dir='ltr'><strong>subito</strong></span> <span class='ocrx_word' id='word_1_57' title='bbox 1882 527 2012 569; x_wconf 90' lang='lat' dir='ltr'><strong>Ulixes</strong></span> 
     </span>
     <span class='ocr_line' id='line_1_7' title="bbox 153 584 2011 644; baseline 0 -16"><span class='ocrx_word' id='word_1_58' title='bbox 153 591 236 644; x_wconf 84' lang='lat' dir='ltr'><strong>ipse</strong></span> <span class='ocrx_word' id='word_1_59' title='bbox 275 588 399 635; x_wconf 88' lang='lat' dir='ltr'><strong>adest,</strong></span> <span class='ocrx_word' id='word_1_60' title='bbox 439 584 503 636; x_wconf 90' lang='lat' dir='ltr'><strong>qui</strong></span> <span class='ocrx_word' id='word_1_61' title='bbox 539 585 699 637; x_wconf 86' lang='lat' dir='ltr'><strong>primum</strong></span> <span class='ocrx_word' id='word_1_62' title='bbox 737 599 777 622; x_wconf 89' lang='lat' dir='ltr'><strong>se</strong></span> <span class='ocrx_word' id='word_1_63' title='bbox 817 584 1054 622; x_wconf 84' lang='lat' dir='ltr'><strong>Philoctetam</strong></span> <span class='ocrx_word' id='word_1_64' title='bbox 1093 584 1252 623; x_wconf 87' lang='lat' dir='ltr'><strong>vinctum</strong></span> <span class='ocrx_word' id='word_1_65' title='bbox 1290 585 1326 623; x_wconf 84' lang='lat' dir='ltr'><strong>vi</strong></span> <span class='ocrx_word' id='word_1_66' title='bbox 1354 586 1588 638; x_wconf 78' lang='lat' dir='ltr'><strong>abreptarum</strong></span> <span class='ocrx_word' id='word_1_67' title='bbox 1615 600 1696 626; x_wconf 88' lang='lat' dir='ltr'><strong>esse</strong></span> <span class='ocrx_word' id='word_1_68' title='bbox 1721 587 1898 637; x_wconf 86' lang='lat' dir='ltr'><strong>minatur,</strong></span> <span class='ocrx_word' id='word_1_69' title='bbox 1935 599 2011 629; x_wconf 92' lang='lat' dir='ltr'><strong>tum</strong></span> 
     </span>
     <span class='ocr_line' id='line_1_8' title="bbox 156 645 2018 704; baseline -0.001 -14"><span class='ocrx_word' id='word_1_70' title='bbox 156 648 390 704; x_wconf 89' lang='lat' dir='ltr'><strong>pertinaciter</strong></span> <span class='ocrx_word' id='word_1_71' title='bbox 414 646 642 684; x_wconf 80' lang='lat' dir='ltr'><strong>resistentem</strong></span> <span class='ocrx_word' id='word_1_72' title='bbox 669 645 844 694; x_wconf 86' lang='lat' dir='ltr'><strong>relinquit</strong></span> <span class='ocrx_word' id='word_1_73' title='bbox 870 654 906 683; x_wconf 91' lang='lat' dir='ltr'><strong>et</strong></span> <span class='ocrx_word' id='word_1_74' title='bbox 926 646 1203 697; x_wconf 89' lang='lat' dir='ltr'><strong>Neoptolemum</strong></span> <span class='ocrx_word' id='word_1_75' title='bbox 1231 654 1267 683; x_wconf 92' lang='lat' dir='ltr'><strong>et</strong></span> <span class='ocrx_word' id='word_1_76' title='bbox 1293 645 1447 696; x_wconf 82' lang='lat' dir='ltr'><strong>sagittas</strong></span> <span class='ocrx_word' id='word_1_77' title='bbox 1474 660 1596 685; x_wconf 89' lang='lat' dir='ltr'><strong>secum</strong></span> <span class='ocrx_word' id='word_1_78' title='bbox 1624 648 1758 688; x_wconf 80' lang='lat' dir='ltr'><strong>aufert.</strong></span> <span class='ocrx_word' id='word_1_79' title='bbox 1812 649 1886 688; x_wconf 91' lang='lat' dir='ltr'><strong>Sed</strong></span> <span class='ocrx_word' id='word_1_80' title='bbox 1917 653 2018 690; x_wconf 82' lang='lat' dir='ltr'><strong>Neo·</strong></span> 
     </span>
     <span class='ocr_line' id='line_1_9' title="bbox 156 705 2014 766; baseline -0.001 -15"><span class='ocrx_word' id='word_1_81' title='bbox 156 711 337 766; x_wconf 84' lang='lat' dir='ltr'><strong>ptolemus</strong></span> <span class='ocrx_word' id='word_1_82' title='bbox 365 721 451 746; x_wconf 89' lang='lat' dir='ltr'><strong>mox</strong></span> <span class='ocrx_word' id='word_1_83' title='bbox 479 705 671 744; x_wconf 89' lang='lat' dir='ltr'><strong>revertitur</strong></span> <span class='ocrx_word' id='word_1_84' title='bbox 681 721 692 754; x_wconf 91' lang='lat'>;</span> <span class='ocrx_word' id='word_1_85' title='bbox 735 715 859 745; x_wconf 88' lang='lat' dir='ltr'><strong>contra</strong></span> <span class='ocrx_word' id='word_1_86' title='bbox 886 705 1032 745; x_wconf 86' lang='lat' dir='ltr'><strong>dicente</strong></span> <span class='ocrx_word' id='word_1_87' title='bbox 1058 706 1189 756; x_wconf 87' lang='lat' dir='ltr'><strong>Ulixe,</strong></span> <span class='ocrx_word' id='word_1_88' title='bbox 1227 706 1379 757; x_wconf 86' lang='lat' dir='ltr'><strong>sagittas</strong></span> <span class='ocrx_word' id='word_1_89' title='bbox 1405 706 1548 755; x_wconf 81' lang='lat' dir='ltr'><strong>reddit3</strong></span> <span class='ocrx_word' id='word_1_90' title='bbox 1589 707 1804 748; x_wconf 83' lang='lat' dir='ltr'><strong>adhortatur</strong></span> <span class='ocrx_word' id='word_1_91' title='bbox 1830 710 2014 751; x_wconf 89' lang='lat' dir='ltr'><strong>Philocte-</strong></span> 
     </span>
     <span class='ocr_line' id='line_1_10' title="bbox 155 766 2014 821; baseline -0.002 -9"><span class='ocrx_word' id='word_1_92' title='bbox 155 782 249 820; x_wconf 86' lang='lat' dir='ltr'><strong>tam,</strong></span> <span class='ocrx_word' id='word_1_93' title='bbox 289 779 327 808; x_wconf 93' lang='lat' dir='ltr'><strong>ut</strong></span> <span class='ocrx_word' id='word_1_94' title='bbox 353 776 482 821; x_wconf 89' lang='lat' dir='ltr'><strong>sponte</strong></span> <span class='ocrx_word' id='word_1_95' title='bbox 509 781 632 806; x_wconf 91' lang='lat' dir='ltr'><strong>secum</strong></span> <span class='ocrx_word' id='word_1_96' title='bbox 659 766 809 806; x_wconf 88' lang='lat' dir='ltr'><strong>Troiam</strong></span> <span class='ocrx_word' id='word_1_97' title='bbox 837 767 1108 819; x_wconf 84' lang='lat' dir='ltr'><strong>proficiscatur,</strong></span> <span class='ocrx_word' id='word_1_98' title='bbox 1146 767 1231 817; x_wconf 87' lang='lat' dir='ltr'><strong>ubi,</strong></span> <span class='ocrx_word' id='word_1_99' title='bbox 1264 768 1414 807; x_wconf 90' lang='lat' dir='ltr'><strong>vulnere</strong></span> <span class='ocrx_word' id='word_1_100' title='bbox 1440 782 1508 807; x_wconf 91' lang='lat' dir='ltr'><strong>suo</strong></span> <span class='ocrx_word' id='word_1_101' title='bbox 1535 777 1681 818; x_wconf 87' lang='lat' dir='ltr'><strong>sanato,</strong></span> <span class='ocrx_word' id='word_1_102' title='bbox 1707 769 1904 809; x_wconf 83' lang='lat' dir='ltr'><strong>maximam</strong></span> <span class='ocrx_word' id='word_1_103' title='bbox 1931 772 2014 821; x_wconf 86' lang='lat' dir='ltr'><strong>glo·</strong></span> 
     </span>
     <span class='ocr_line' id='line_1_11' title="bbox 158 827 2015 882; baseline -0.002 -8"><span class='ocrx_word' id='word_1_104' title='bbox 158 835 250 875; x_wconf 90' lang='lat' dir='ltr'><strong>riam</strong></span> <span class='ocrx_word' id='word_1_105' title='bbox 278 830 479 882; x_wconf 81' lang='lat' dir='ltr'><strong>adepturus</strong></span> <span class='ocrx_word' id='word_1_106' title='bbox 506 827 569 868; x_wconf 88' lang='lat' dir='ltr'><strong>sit.</strong></span> <span class='ocrx_word' id='word_1_107' title='bbox 635 829 758 875; x_wconf 77' lang='lat' dir='ltr'><strong>Quum</strong></span> <span class='ocrx_word' id='word_1_108' title='bbox 794 828 887 867; x_wconf 91' lang='lat' dir='ltr'><strong>nihil</strong></span> <span class='ocrx_word' id='word_1_109' title='bbox 925 828 1163 881; x_wconf 82' lang='lat' dir='ltr'><strong>profecisset,</strong></span> <span class='ocrx_word' id='word_1_110' title='bbox 1201 837 1352 880; x_wconf 87' lang='lat' dir='ltr'><strong>paratus</strong></span> <span class='ocrx_word' id='word_1_111' title='bbox 1379 838 1453 876; x_wconf 89' lang='lat' dir='ltr'><strong>est,</strong></span> <span class='ocrx_word' id='word_1_112' title='bbox 1491 828 1531 867; x_wconf 85' lang='lat' dir='ltr'><strong>id</strong></span> <span class='ocrx_word' id='word_1_113' title='bbox 1570 829 1666 880; x_wconf 87' lang='lat' dir='ltr'><strong>quod</strong></span> <span class='ocrx_word' id='word_1_114' title='bbox 1705 830 1886 882; x_wconf 88' lang='lat' dir='ltr'><strong>principio</strong></span> <span class='ocrx_word' id='word_1_115' title='bbox 1925 831 2015 870; x_wconf 87' lang='lat' dir='ltr'><strong>Phi·</strong></span> 
     </span>
     <span class='ocr_line' id='line_1_12' title="bbox 157 888 2016 943; baseline -0.003 -7"><span class='ocrx_word' id='word_1_116' title='bbox 157 898 312 936; x_wconf 92' lang='lat' dir='ltr'><strong>loctetae</strong></span> <span class='ocrx_word' id='word_1_117' title='bbox 338 906 405 943; x_wconf 92' lang='lat' dir='ltr'><strong>per</strong></span> <span class='ocrx_word' id='word_1_118' title='bbox 431 888 660 927; x_wconf 87' lang='lat' dir='ltr'><strong>mendacium</strong></span> <span class='ocrx_word' id='word_1_119' title='bbox 688 889 923 939; x_wconf 85' lang='lat' dir='ltr'><strong>promiserat,</strong></span> <span class='ocrx_word' id='word_1_120' title='bbox 963 890 1110 927; x_wconf 89' lang='lat' dir='ltr'><strong>domum</strong></span> <span class='ocrx_word' id='word_1_121' title='bbox 1149 903 1232 927; x_wconf 91' lang='lat' dir='ltr'><strong>eum</strong></span> <span class='ocrx_word' id='word_1_122' title='bbox 1273 890 1420 930; x_wconf 87' lang='lat' dir='ltr'><strong>ducere.</strong></span> <span class='ocrx_word' id='word_1_123' title='bbox 1484 890 1713 929; x_wconf 79' lang='lat' dir='ltr'><strong>Profecturus</strong></span> <span class='ocrx_word' id='word_1_124' title='bbox 1751 892 1931 931; x_wconf 84' lang='lat' dir='ltr'><strong>Hercules</strong></span> <span class='ocrx_word' id='word_1_125' title='bbox 1969 892 2016 931; x_wconf 90' lang='lat' dir='ltr'><strong>de</strong></span> 
     </span>
     <span class='ocr_line' id='line_1_13' title="bbox 159 948 2017 1003; baseline -0.003 -7"><span class='ocrx_word' id='word_1_126' title='bbox 159 956 262 996; x_wconf 90' lang='lat' dir='ltr'><strong>coelo</strong></span> <span class='ocrx_word' id='word_1_127' title='bbox 289 950 470 991; x_wconf 87' lang='lat' dir='ltr'><strong>demissus</strong></span> <span class='ocrx_word' id='word_1_128' title='bbox 497 948 651 988; x_wconf 68' lang='lat' dir='ltr'><strong>retinen</strong></span> <span class='ocrx_word' id='word_1_129' title='bbox 680 948 803 994; x_wconf 87' lang='lat' dir='ltr'><strong>docet,</strong></span> <span class='ocrx_word' id='word_1_130' title='bbox 828 949 1035 988; x_wconf 88' lang='lat' dir='ltr'><strong>necessario</strong></span> <span class='ocrx_word' id='word_1_131' title='bbox 1063 948 1211 988; x_wconf 88' lang='lat' dir='ltr'><strong>Troiam</strong></span> <span class='ocrx_word' id='word_1_132' title='bbox 1239 949 1542 1001; x_wconf 87' lang='lat' dir='ltr'><strong>proficiscendum</strong></span> <span class='ocrx_word' id='word_1_133' title='bbox 1569 963 1664 997; x_wconf 90' lang='lat' dir='ltr'><strong>esse,</strong></span> <span class='ocrx_word' id='word_1_134' title='bbox 1691 960 1730 989; x_wconf 92' lang='lat' dir='ltr'><strong>ut</strong></span> <span class='ocrx_word' id='word_1_135' title='bbox 1758 953 2017 1003; x_wconf 85' lang='lat' dir='ltr'><strong>Neoptolemus</strong></span> 
     </span>
    </p>
   </div>
   <div class='ocr_carea' id='block_1_3' title="bbox 159 1008 2016 1119">
    <p class='ocr_par' dir='ltr' id='par_1_3' title="bbox 159 1008 2016 1119">
     <span class='ocr_line' id='line_1_14' title="bbox 159 1008 2016 1063; baseline -0.003 -6"><span class='ocrx_word' id='word_1_136' title='bbox 159 1021 196 1057; x_wconf 85' lang='lat' dir='ltr'><strong>et</strong></span> <span class='ocrx_word' id='word_1_137' title='bbox 230 1015 454 1055; x_wconf 81' lang='lat' dir='ltr'><strong>Philoctetes</strong></span> <span class='ocrx_word' id='word_1_138' title='bbox 490 1023 564 1048; x_wconf 86' lang='lat' dir='ltr'><strong>una</strong></span> <span class='ocrx_word' id='word_1_139' title='bbox 601 1008 783 1048; x_wconf 87' lang='lat' dir='ltr'><strong>coniuncti</strong></span> <span class='ocrx_word' id='word_1_140' title='bbox 820 1010 948 1047; x_wconf 90' lang='lat' dir='ltr'><strong>urbem</strong></span> <span class='ocrx_word' id='word_1_141' title='bbox 986 1009 1147 1062; x_wconf 85' lang='lat' dir='ltr'><strong>capiant.</strong></span> <span class='ocrx_word' id='word_1_142' title='bbox 1201 1009 1301 1049; x_wconf 88' lang='lat' dir='ltr'><strong>Huic</strong></span> <span class='ocrx_word' id='word_1_143' title='bbox 1337 1010 1558 1051; x_wconf 84' lang='lat' dir='ltr'><strong>Philoctetes</strong></span> <span class='ocrx_word' id='word_1_144' title='bbox 1593 1026 1729 1051; x_wconf 90' lang='lat' dir='ltr'><strong>morem</strong></span> <span class='ocrx_word' id='word_1_145' title='bbox 1766 1012 1861 1063; x_wconf 88' lang='lat' dir='ltr'><strong>gerit</strong></span> <span class='ocrx_word' id='word_1_146' title='bbox 1896 1021 1933 1051; x_wconf 91' lang='lat' dir='ltr'><strong>et</strong></span> <span class='ocrx_word' id='word_1_147' title='bbox 1968 1013 2016 1052; x_wconf 90' lang='lat' dir='ltr'><strong>ad</strong></span> 
     </span>
     <span class='ocr_line' id='line_1_15' title="bbox 160 1068 977 1119; baseline -0.012 0"><span class='ocrx_word' id='word_1_148' title='bbox 160 1076 358 1119; x_wconf 84' lang='lat' dir='ltr'><strong>exercitum</strong></span> <span class='ocrx_word' id='word_1_149' title='bbox 386 1075 607 1111; x_wconf 90' lang='lat' dir='ltr'><strong>Graecorum</strong></span> <span class='ocrx_word' id='word_1_150' title='bbox 635 1069 754 1109; x_wconf 89' lang='lat' dir='ltr'><strong>laetus</strong></span> <span class='ocrx_word' id='word_1_151' title='bbox 781 1068 977 1109; x_wconf 83' lang='lat' dir='ltr'><strong>contendit.</strong></span> 
     </span>
    </p>
   </div>
   <div class='ocr_carea' id='block_1_4' title="bbox 159 1181 2026 2452">
    <p class='ocr_par' dir='ltr' id='par_1_4' title="bbox 159 1181 2026 2452">
     <span class='ocr_line' id='line_1_16' title="bbox 264 1181 2019 1235; baseline -0.002 -8"><span class='ocrx_word' id='word_1_152' title='bbox 264 1191 349 1228; x_wconf 87' lang='lat' dir='ltr'><strong>Non</strong></span> <span class='ocrx_word' id='word_1_153' title='bbox 374 1183 541 1232; x_wconf 86' lang='lat' dir='ltr'><strong>invenio,</strong></span> <span class='ocrx_word' id='word_1_154' title='bbox 580 1195 603 1221; x_wconf 90' lang='lat' dir='ltr'><strong>a</strong></span> <span class='ocrx_word' id='word_1_155' title='bbox 629 1181 854 1231; x_wconf 86' lang='lat' dir='ltr'><strong>Philocteta,</strong></span> <span class='ocrx_word' id='word_1_156' title='bbox 890 1189 1086 1233; x_wconf 83' lang='lat' dir='ltr'><strong>antequam</strong></span> <span class='ocrx_word' id='word_1_157' title='bbox 1124 1181 1161 1220; x_wconf 91' lang='lat' dir='ltr'><strong>in</strong></span> <span class='ocrx_word' id='word_1_158' title='bbox 1189 1183 1370 1220; x_wconf 83' lang='lat' dir='ltr'><strong>Lemnum</strong></span> <span class='ocrx_word' id='word_1_159' title='bbox 1395 1182 1553 1233; x_wconf 85' lang='lat' dir='ltr'><strong>venerit,</strong></span> <span class='ocrx_word' id='word_1_160' title='bbox 1592 1183 1792 1235; x_wconf 83' lang='lat' dir='ltr'><strong>quidquam</strong></span> <span class='ocrx_word' id='word_1_161' title='bbox 1818 1184 1893 1224; x_wconf 89' lang='lat' dir='ltr'><strong>tale</strong></span> <span class='ocrx_word' id='word_1_162' title='bbox 1919 1199 2019 1225; x_wconf 92' lang='lat' dir='ltr'><strong>com-</strong></span> 
     </span>
     <span class='ocr_line' id='line_1_17' title="bbox 159 1242 2019 1297; baseline -0.003 -5"><span class='ocrx_word' id='word_1_163' title='bbox 159 1252 312 1292; x_wconf 87' lang='lat' dir='ltr'><strong>missum</strong></span> <span class='ocrx_word' id='word_1_164' title='bbox 339 1259 442 1295; x_wconf 88' lang='lat' dir='ltr'><strong>esse,</strong></span> <span class='ocrx_word' id='word_1_165' title='bbox 480 1252 520 1283; x_wconf 87' lang='lat' dir='ltr'><strong>ut</strong></span> <span class='ocrx_word' id='word_1_166' title='bbox 556 1243 596 1282; x_wconf 85' lang='lat' dir='ltr'><strong>in</strong></span> <span class='ocrx_word' id='word_1_167' title='bbox 633 1251 754 1282; x_wconf 84' lang='lat' dir='ltr'><strong>tantos</strong></span> <span class='ocrx_word' id='word_1_168' title='bbox 793 1243 938 1282; x_wconf 86' lang='lat' dir='ltr'><strong>dolores</strong></span> <span class='ocrx_word' id='word_1_169' title='bbox 963 1242 1155 1283; x_wconf 86' lang='lat' dir='ltr'><strong>incideret.</strong></span> <span class='ocrx_word' id='word_1_170' title='bbox 1207 1244 1302 1282; x_wconf 88' lang='lat' dir='ltr'><strong>Nam</strong></span> <span class='ocrx_word' id='word_1_171' title='bbox 1330 1251 1370 1282; x_wconf 88' lang='lat' dir='ltr'><strong>ut</strong></span> <span class='ocrx_word' id='word_1_172' title='bbox 1395 1243 1566 1296; x_wconf 85' lang='lat' dir='ltr'><strong>propius,</strong></span> <span class='ocrx_word' id='word_1_173' title='bbox 1604 1259 1713 1296; x_wconf 88' lang='lat' dir='ltr'><strong>quam</strong></span> <span class='ocrx_word' id='word_1_174' title='bbox 1740 1259 1809 1297; x_wconf 86' lang='lat' dir='ltr'><strong>par</strong></span> <span class='ocrx_word' id='word_1_175' title='bbox 1834 1255 1932 1296; x_wconf 90' lang='lat' dir='ltr'><strong>erat,</strong></span> <span class='ocrx_word' id='word_1_176' title='bbox 1969 1246 2019 1286; x_wconf 88' lang='lat' dir='ltr'><strong>ad</strong></span> 
     </span>
     <span class='ocr_line' id='line_1_18' title="bbox 161 1303 2017 1360; baseline -0.003 -7"><span class='ocrx_word' id='word_1_177' title='bbox 161 1326 264 1354; x_wconf 88' lang='lat' dir='ltr'><strong>aram</strong></span> <span class='ocrx_word' id='word_1_178' title='bbox 292 1309 454 1360; x_wconf 83' lang='lat' dir='ltr'><strong>Chryses</strong></span> <span class='ocrx_word' id='word_1_179' title='bbox 480 1303 694 1353; x_wconf 86' lang='lat' dir='ltr'><strong>accesserit,</strong></span> <span class='ocrx_word' id='word_1_180' title='bbox 730 1318 818 1342; x_wconf 90' lang='lat' dir='ltr'><strong>num</strong></span> <span class='ocrx_word' id='word_1_181' title='bbox 856 1318 938 1343; x_wconf 89' lang='lat' dir='ltr'><strong>eam</strong></span> <span class='ocrx_word' id='word_1_182' title='bbox 976 1304 1091 1343; x_wconf 85' lang='lat' dir='ltr'><strong>fuisse</strong></span> <span class='ocrx_word' id='word_1_183' title='bbox 1118 1304 1257 1344; x_wconf 86' lang='lat' dir='ltr'><strong>dixeris</strong></span> <span class='ocrx_word' id='word_1_184' title='bbox 1296 1319 1445 1344; x_wconf 86' lang='lat' dir='ltr'><strong>causam</strong></span> <span class='ocrx_word' id='word_1_185' title='bbox 1472 1305 1563 1344; x_wconf 88' lang='lat' dir='ltr'><strong>tanti</strong></span> <span class='ocrx_word' id='word_1_186' title='bbox 1589 1305 1678 1344; x_wconf 89' lang='lat' dir='ltr'><strong>mali</strong></span> <span class='ocrx_word' id='word_1_187' title='bbox 1704 1305 1793 1345; x_wconf 80' lang='lat' dir='ltr'><strong>satis</strong></span> <span class='ocrx_word' id='word_1_188' title='bbox 1819 1306 2017 1347; x_wconf 79' lang='lat' dir='ltr'><strong>idoneam?</strong></span> 
     </span>
     <span class='ocr_line' id='line_1_19' title="bbox 162 1364 2020 1417; baseline -0.003 -5"><span class='ocrx_word' id='word_1_189' title='bbox 162 1373 320 1412; x_wconf 87' lang='lat' dir='ltr'><strong>Dolores</strong></span> <span class='ocrx_word' id='word_1_190' title='bbox 346 1376 467 1407; x_wconf 90' lang='lat' dir='ltr'><strong>autem</strong></span> <span class='ocrx_word' id='word_1_191' title='bbox 494 1365 738 1413; x_wconf 85' lang='lat' dir='ltr'><strong>Philoctetae,</strong></span> <span class='ocrx_word' id='word_1_192' title='bbox 774 1364 813 1403; x_wconf 88' lang='lat' dir='ltr'><strong>in</strong></span> <span class='ocrx_word' id='word_1_193' title='bbox 851 1367 991 1404; x_wconf 88' lang='lat' dir='ltr'><strong>Lemno</strong></span> <span class='ocrx_word' id='word_1_194' title='bbox 1028 1364 1151 1404; x_wconf 84' lang='lat' dir='ltr'><strong>insula</strong></span> <span class='ocrx_word' id='word_1_195' title='bbox 1187 1365 1407 1415; x_wconf 87' lang='lat' dir='ltr'><strong>exsulantis,</strong></span> <span class='ocrx_word' id='word_1_196' title='bbox 1445 1365 1650 1417; x_wconf 86' lang='lat' dir='ltr'><strong>Sophocles</strong></span> <span class='ocrx_word' id='word_1_197' title='bbox 1688 1365 1880 1417; x_wconf 88' lang='lat' dir='ltr'><strong>descripsit</strong></span> <span class='ocrx_word' id='word_1_198' title='bbox 1916 1380 2020 1406; x_wconf 88' lang='lat' dir='ltr'><strong>acer-</strong></span> 
     </span>
     <span class='ocr_line' id='line_1_20' title="bbox 163 1424 2021 1476; baseline -0.004 -3"><span class='ocrx_word' id='word_1_199' title='bbox 163 1434 277 1473; x_wconf 85' lang='lat' dir='ltr'><strong>rimos</strong></span> <span class='ocrx_word' id='word_1_200' title='bbox 305 1439 342 1469; x_wconf 89' lang='lat' dir='ltr'><strong>et</strong></span> <span class='ocrx_word' id='word_1_201' title='bbox 368 1424 729 1467; x_wconf 84' lang='lat' dir='ltr'><strong>vehementissimos:</strong></span> <span class='ocrx_word' id='word_1_202' title='bbox 770 1424 834 1475; x_wconf 90' lang='lat' dir='ltr'><strong>qui</strong></span> <span class='ocrx_word' id='word_1_203' title='bbox 862 1434 982 1463; x_wconf 89' lang='lat' dir='ltr'><strong>tantos</strong></span> <span class='ocrx_word' id='word_1_204' title='bbox 1008 1438 1121 1476; x_wconf 89' lang='lat' dir='ltr'><strong>saepe</strong></span> <span class='ocrx_word' id='word_1_205' title='bbox 1148 1425 1227 1464; x_wconf 91' lang='lat' dir='ltr'><strong>eius</strong></span> <span class='ocrx_word' id='word_1_206' title='bbox 1253 1425 1361 1464; x_wconf 88' lang='lat' dir='ltr'><strong>fletus</strong></span> <span class='ocrx_word' id='word_1_207' title='bbox 1387 1439 1432 1463; x_wconf 92' lang='lat' dir='ltr'><strong>ac</strong></span> <span class='ocrx_word' id='word_1_208' title='bbox 1459 1426 1636 1464; x_wconf 84' lang='lat' dir='ltr'><strong>clamores</strong></span> <span class='ocrx_word' id='word_1_209' title='bbox 1662 1426 1840 1475; x_wconf 85' lang='lat' dir='ltr'><strong>excitant,</strong></span> <span class='ocrx_word' id='word_1_210' title='bbox 1871 1435 1912 1465; x_wconf 85' lang='lat' dir='ltr'><strong>ut</strong></span> <span class='ocrx_word' id='word_1_211' title='bbox 1938 1428 2021 1467; x_wconf 81' lang='lat' dir='ltr'><strong>fue-</strong></span> 
     </span>
     <span class='ocr_line' id='line_1_21' title="bbox 161 1484 2021 1543; baseline -0.003 -12"><span class='ocrx_word' id='word_1_212' title='bbox 161 1492 255 1543; x_wconf 83' lang='lat' dir='ltr'><strong>rint,</strong></span> <span class='ocrx_word' id='word_1_213' title='bbox 294 1487 358 1542; x_wconf 87' lang='lat' dir='ltr'><strong>qui</strong></span> <span class='ocrx_word' id='word_1_214' title='bbox 385 1486 638 1526; x_wconf 85' lang='lat' dir='ltr'><strong>desiderarent</strong></span> <span class='ocrx_word' id='word_1_215' title='bbox 663 1484 795 1535; x_wconf 90' lang='lat' dir='ltr'><strong>decus,</strong></span> <span class='ocrx_word' id='word_1_216' title='bbox 835 1484 1071 1535; x_wconf 86' lang='lat' dir='ltr'><strong>gravitatem,</strong></span> <span class='ocrx_word' id='word_1_217' title='bbox 1109 1484 1361 1524; x_wconf 89' lang='lat' dir='ltr'><strong>constantiam.</strong></span> <span class='ocrx_word' id='word_1_218' title='bbox 1425 1485 1503 1524; x_wconf 86' lang='lat' dir='ltr'><strong>Sed</strong></span> <span class='ocrx_word' id='word_1_219' title='bbox 1541 1485 1647 1524; x_wconf 87' lang='lat' dir='ltr'><strong>nobis</strong></span> <span class='ocrx_word' id='word_1_220' title='bbox 1680 1487 1926 1536; x_wconf 89' lang='lat' dir='ltr'><strong>quaerendum</strong></span> <span class='ocrx_word' id='word_1_221' title='bbox 1953 1496 2021 1537; x_wconf 88' lang='lat' dir='ltr'><strong>est,</strong></span> 
     </span>
     <span class='ocr_line' id='line_1_22' title="bbox 163 1545 2022 1601; baseline -0.004 -7"><span class='ocrx_word' id='word_1_222' title='bbox 163 1568 229 1594; x_wconf 88' lang='lat' dir='ltr'><strong>cur</strong></span> <span class='ocrx_word' id='word_1_223' title='bbox 265 1552 305 1591; x_wconf 89' lang='lat' dir='ltr'><strong>in</strong></span> <span class='ocrx_word' id='word_1_224' title='bbox 343 1548 455 1589; x_wconf 90' lang='lat' dir='ltr'><strong>tantis</strong></span> <span class='ocrx_word' id='word_1_225' title='bbox 492 1546 681 1586; x_wconf 83' lang='lat' dir='ltr'><strong>doloribus</strong></span> <span class='ocrx_word' id='word_1_226' title='bbox 718 1546 779 1586; x_wconf 88' lang='lat' dir='ltr'><strong>sit.</strong></span> <span class='ocrx_word' id='word_1_227' title='bbox 845 1549 950 1594; x_wconf 79' lang='lat' dir='ltr'><strong>Quos</strong></span> <span class='ocrx_word' id='word_1_228' title='bbox 988 1546 1136 1597; x_wconf 87' lang='lat' dir='ltr'><strong>quidem</strong></span> <span class='ocrx_word' id='word_1_229' title='bbox 1173 1545 1253 1585; x_wconf 91' lang='lat' dir='ltr'><strong>sine</strong></span> <span class='ocrx_word' id='word_1_230' title='bbox 1279 1560 1391 1586; x_wconf 86' lang='lat' dir='ltr'><strong>causa</strong></span> <span class='ocrx_word' id='word_1_231' title='bbox 1428 1561 1469 1586; x_wconf 89' lang='lat' dir='ltr'><strong>se</strong></span> <span class='ocrx_word' id='word_1_232' title='bbox 1494 1546 1674 1586; x_wconf 84' lang='lat' dir='ltr'><strong>sustinere</strong></span> <span class='ocrx_word' id='word_1_233' title='bbox 1700 1546 1923 1587; x_wconf 87' lang='lat' dir='ltr'><strong>Philoctetae</strong></span> <span class='ocrx_word' id='word_1_234' title='bbox 1947 1547 2022 1601; x_wconf 86' lang='lat' dir='ltr'><strong>ipsi</strong></span> 
     </span>
     <span class='ocr_line' id='line_1_23' title="bbox 161 1606 2022 1666; baseline -0.004 -10"><span class='ocrx_word' id='word_1_235' title='bbox 161 1615 257 1656; x_wconf 85' lang='lat' dir='ltr'><strong>adeo</strong></span> <span class='ocrx_word' id='word_1_236' title='bbox 284 1622 502 1666; x_wconf 82' lang='lat' dir='ltr'><strong>persuasum</strong></span> <span class='ocrx_word' id='word_1_237' title='bbox 528 1616 603 1658; x_wconf 87' lang='lat' dir='ltr'><strong>est,</strong></span> <span class='ocrx_word' id='word_1_238' title='bbox 641 1615 680 1645; x_wconf 89' lang='lat' dir='ltr'><strong>ut</strong></span> <span class='ocrx_word' id='word_1_239' title='bbox 707 1607 779 1646; x_wconf 90' lang='lat' dir='ltr'><strong>diis</strong></span> <span class='ocrx_word' id='word_1_240' title='bbox 805 1606 1021 1656; x_wconf 87' lang='lat' dir='ltr'><strong>maledicat,</strong></span> <span class='ocrx_word' id='word_1_241' title='bbox 1060 1606 1124 1658; x_wconf 90' lang='lat' dir='ltr'><strong>qui</strong></span> <span class='ocrx_word' id='word_1_242' title='bbox 1162 1607 1360 1660; x_wconf 87' lang='lat' dir='ltr'><strong>pessimum</strong></span> <span class='ocrx_word' id='word_1_243' title='bbox 1391 1622 1573 1660; x_wconf 89' lang='lat' dir='ltr'><strong>quemque</strong></span> <span class='ocrx_word' id='word_1_244' title='bbox 1609 1608 1757 1647; x_wconf 79' lang='lat' dir='ltr'><strong>foveant</strong></span> <span class='ocrx_word' id='word_1_245' title='bbox 1791 1617 1828 1647; x_wconf 88' lang='lat' dir='ltr'><strong>et</strong></span> <span class='ocrx_word' id='word_1_246' title='bbox 1853 1608 2022 1649; x_wconf 89' lang='lat' dir='ltr'><strong>omnibus</strong></span> 
     </span>
     <span class='ocr_line' id='line_1_24' title="bbox 162 1668 2023 1720; baseline -0.003 -5"><span class='ocrx_word' id='word_1_247' title='bbox 162 1677 275 1715; x_wconf 86' lang='lat' dir='ltr'><strong>rebus</strong></span> <span class='ocrx_word' id='word_1_248' title='bbox 312 1678 509 1717; x_wconf 86' lang='lat' dir='ltr'><strong>exornent,</strong></span> <span class='ocrx_word' id='word_1_249' title='bbox 545 1670 683 1719; x_wconf 85' lang='lat' dir='ltr'><strong>probos</strong></span> <span class='ocrx_word' id='word_1_250' title='bbox 719 1669 850 1719; x_wconf 82' lang='lat' dir='ltr'><strong>poenis</strong></span> <span class='ocrx_word' id='word_1_251' title='bbox 887 1668 1049 1706; x_wconf 87' lang='lat' dir='ltr'><strong>afficiant</strong></span> <span class='ocrx_word' id='word_1_252' title='bbox 1088 1678 1124 1706; x_wconf 91' lang='lat' dir='ltr'><strong>et</strong></span> <span class='ocrx_word' id='word_1_253' title='bbox 1149 1669 1271 1719; x_wconf 89' lang='lat' dir='ltr'><strong>perire</strong></span> <span class='ocrx_word' id='word_1_254' title='bbox 1297 1669 1407 1708; x_wconf 80' lang='lat' dir='ltr'><strong>facile</strong></span> <span class='ocrx_word' id='word_1_255' title='bbox 1433 1669 1620 1720; x_wconf 84' lang='lat' dir='ltr'><strong>patiantur</strong></span> <span class='ocrx_word' id='word_1_256' title='bbox 1658 1669 1737 1707; x_wconf 79' lang='lat'><strong>446</strong></span> <span class='ocrx_word' id='word_1_257' title='bbox 1762 1683 1846 1719; x_wconf 83' lang='lat' dir='ltr'><strong>sqq.</strong></span> <span class='ocrx_word' id='word_1_258' title='bbox 1898 1670 2023 1709; x_wconf 88' lang='lat' dir='ltr'><strong>Malo-</strong></span> 
     </span>
     <span class='ocr_line' id='line_1_25' title="bbox 163 1727 2021 1787; baseline -0.004 -12"><span class='ocrx_word' id='word_1_259' title='bbox 163 1747 317 1787; x_wconf 79' lang='lat' dir='ltr'><strong>rumque</strong></span> <span class='ocrx_word' id='word_1_260' title='bbox 342 1743 491 1772; x_wconf 88' lang='lat' dir='ltr'><strong>suorum</strong></span> <span class='ocrx_word' id='word_1_261' title='bbox 518 1727 698 1780; x_wconf 86' lang='lat' dir='ltr'><strong>originem</strong></span> <span class='ocrx_word' id='word_1_262' title='bbox 724 1727 772 1768; x_wconf 91' lang='lat' dir='ltr'><strong>ad</strong></span> <span class='ocrx_word' id='word_1_263' title='bbox 800 1728 899 1768; x_wconf 89' lang='lat' dir='ltr'><strong>solos</strong></span> <span class='ocrx_word' id='word_1_264' title='bbox 927 1727 1077 1768; x_wconf 87' lang='lat' dir='ltr'><strong>Atridas</strong></span> <span class='ocrx_word' id='word_1_265' title='bbox 1103 1736 1139 1767; x_wconf 91' lang='lat' dir='ltr'><strong>et</strong></span> <span class='ocrx_word' id='word_1_266' title='bbox 1165 1728 1333 1778; x_wconf 88' lang='lat' dir='ltr'><strong>Ulixem,</strong></span> <span class='ocrx_word' id='word_1_267' title='bbox 1359 1741 1383 1768; x_wconf 88' lang='lat' dir='ltr'><strong>a</strong></span> <span class='ocrx_word' id='word_1_268' title='bbox 1409 1742 1482 1781; x_wconf 91' lang='lat' dir='ltr'><strong>quo</strong></span> <span class='ocrx_word' id='word_1_269' title='bbox 1509 1727 1698 1782; x_wconf 89' lang='lat' dir='ltr'><strong>expositus</strong></span> <span class='ocrx_word' id='word_1_270' title='bbox 1725 1737 1822 1778; x_wconf 87' lang='lat' dir='ltr'><strong>erat,</strong></span> <span class='ocrx_word' id='word_1_271' title='bbox 1849 1729 2021 1780; x_wconf 81' lang='lat' dir='ltr'><strong>reserens,</strong></span> 
     </span>
     <span class='ocr_line' id='line_1_26' title="bbox 163 1789 2023 1841; baseline -0.001 -9"><span class='ocrx_word' id='word_1_272' title='bbox 163 1798 225 1836; x_wconf 73' lang='lat' dir='ltr'><strong>his</strong></span> <span class='ocrx_word' id='word_1_273' title='bbox 249 1795 350 1832; x_wconf 87' lang='lat' dir='ltr'><strong>mala</strong></span> <span class='ocrx_word' id='word_1_274' title='bbox 375 1791 498 1830; x_wconf 84' lang='lat' dir='ltr'><strong>omnia</strong></span> <span class='ocrx_word' id='word_1_275' title='bbox 525 1799 697 1841; x_wconf 83' lang='lat' dir='ltr'><strong>precatur</strong></span> <span class='ocrx_word' id='word_1_276' title='bbox 735 1791 827 1830; x_wconf 77' lang='lat'>315,</span> <span class='ocrx_word' id='word_1_277' title='bbox 855 1791 946 1829; x_wconf 85' lang='lat'><strong>791.</strong></span> <span class='ocrx_word' id='word_1_278' title='bbox 975 1790 1100 1837; x_wconf 80' lang='lat'><strong>10193</strong></span> <span class='ocrx_word' id='word_1_279' title='bbox 1148 1803 1240 1839; x_wconf 86' lang='lat' dir='ltr'><strong>quos</strong></span> <span class='ocrx_word' id='word_1_280' title='bbox 1276 1789 1310 1828; x_wconf 89' lang='lat' dir='ltr'><strong>si</strong></span> <span class='ocrx_word' id='word_1_281' title='bbox 1340 1789 1491 1839; x_wconf 89' lang='lat' dir='ltr'><strong>iisdem,</strong></span> <span class='ocrx_word' id='word_1_282' title='bbox 1529 1789 1663 1840; x_wconf 87' lang='lat' dir='ltr'><strong>quibus</strong></span> <span class='ocrx_word' id='word_1_283' title='bbox 1689 1804 1750 1839; x_wconf 89' lang='lat' dir='ltr'><strong>se,</strong></span> <span class='ocrx_word' id='word_1_284' title='bbox 1787 1789 1840 1828; x_wconf 87' lang='lat' dir='ltr'><strong>dii</strong></span> <span class='ocrx_word' id='word_1_285' title='bbox 1866 1791 2023 1831; x_wconf 86' lang='lat' dir='ltr'><strong>miseriis</strong></span> 
     </span>
     <span class='ocr_line' id='line_1_27' title="bbox 165 1846 2023 1903; baseline -0.004 -5"><span class='ocrx_word' id='word_1_286' title='bbox 165 1853 373 1903; x_wconf 80' lang='lat' dir='ltr'><strong>affecerint,</strong></span> <span class='ocrx_word' id='word_1_287' title='bbox 400 1846 470 1890; x_wconf 83' lang='lat' dir='ltr'><strong>hoc</strong></span> <span class='ocrx_word' id='word_1_288' title='bbox 496 1864 565 1903; x_wconf 83' lang='lat' dir='ltr'><strong>pro</strong></span> <span class='ocrx_word' id='word_1_289' title='bbox 591 1849 723 1889; x_wconf 87' lang='lat' dir='ltr'><strong>solatio</strong></span> <span class='ocrx_word' id='word_1_290' title='bbox 751 1858 860 1901; x_wconf 90' lang='lat' dir='ltr'><strong>atque</strong></span> <span class='ocrx_word' id='word_1_291' title='bbox 887 1849 981 1889; x_wconf 90' lang='lat' dir='ltr'><strong>adeo</strong></span> <span class='ocrx_word' id='word_1_292' title='bbox 1007 1848 1168 1888; x_wconf 88' lang='lat' dir='ltr'><strong>remedio</strong></span> <span class='ocrx_word' id='word_1_293' title='bbox 1195 1848 1354 1888; x_wconf 87' lang='lat' dir='ltr'><strong>omnium</strong></span> <span class='ocrx_word' id='word_1_294' title='bbox 1383 1848 1568 1896; x_wconf 89' lang='lat' dir='ltr'><strong>dolorum,</strong></span> <span class='ocrx_word' id='word_1_295' title='bbox 1597 1863 1689 1900; x_wconf 91' lang='lat' dir='ltr'><strong>quos</strong></span> <span class='ocrx_word' id='word_1_296' title='bbox 1714 1849 1923 1901; x_wconf 88' lang='lat' dir='ltr'><strong>pertulerit,</strong></span> <span class='ocrx_word' id='word_1_297' title='bbox 1950 1850 2023 1890; x_wconf 89' lang='lat' dir='ltr'><strong>sibi</strong></span> 
     </span>
     <span class='ocr_line' id='line_1_28' title="bbox 164 1909 2023 1968; baseline -0.004 -11"><span class='ocrx_word' id='word_1_298' title='bbox 164 1919 244 1958; x_wconf 77' lang='lat' dir='ltr'><strong>fore</strong></span> <span class='ocrx_word' id='word_1_299' title='bbox 270 1922 394 1968; x_wconf 84' lang='lat' dir='ltr'><strong>sperat</strong></span> <span class='ocrx_word' id='word_1_300' title='bbox 435 1912 550 1952; x_wconf 80' lang='lat'><strong>1044.</strong></span> <span class='ocrx_word' id='word_1_301' title='bbox 615 1910 692 1949; x_wconf 85' lang='lat' dir='ltr'><strong>Sed</strong></span> <span class='ocrx_word' id='word_1_302' title='bbox 730 1910 835 1949; x_wconf 90' lang='lat' dir='ltr'><strong>cuius</strong></span> <span class='ocrx_word' id='word_1_303' title='bbox 862 1910 915 1949; x_wconf 91' lang='lat' dir='ltr'><strong>rei</strong></span> <span class='ocrx_word' id='word_1_304' title='bbox 941 1910 1120 1960; x_wconf 87' lang='lat' dir='ltr'><strong>originem</strong></span> <span class='ocrx_word' id='word_1_305' title='bbox 1159 1911 1207 1948; x_wconf 86' lang='lat' dir='ltr'><strong>ab</strong></span> <span class='ocrx_word' id='word_1_306' title='bbox 1233 1910 1445 1948; x_wconf 87' lang='lat' dir='ltr'><strong>hominibus</strong></span> <span class='ocrx_word' id='word_1_307' title='bbox 1471 1910 1543 1948; x_wconf 88' lang='lat' dir='ltr'><strong>sibi</strong></span> <span class='ocrx_word' id='word_1_308' title='bbox 1569 1909 1727 1949; x_wconf 88' lang='lat' dir='ltr'><strong>inimicis</strong></span> <span class='ocrx_word' id='word_1_309' title='bbox 1753 1910 1905 1961; x_wconf 89' lang='lat' dir='ltr'><strong>repetit,</strong></span> <span class='ocrx_word' id='word_1_310' title='bbox 1943 1911 2023 1951; x_wconf 90' lang='lat' dir='ltr'><strong>eius</strong></span> 
     </span>
     <span class='ocr_line' id='line_1_29' title="bbox 166 1969 2024 2025; baseline -0.004 -7"><span class='ocrx_word' id='word_1_311' title='bbox 166 1988 333 2018; x_wconf 85' lang='lat' dir='ltr'><strong>auctores</strong></span> <span class='ocrx_word' id='word_1_312' title='bbox 360 1973 413 2012; x_wconf 88' lang='lat' dir='ltr'><strong>dii</strong></span> <span class='ocrx_word' id='word_1_313' title='bbox 438 1972 513 2025; x_wconf 88' lang='lat' dir='ltr'><strong>ipsi</strong></span> <span class='ocrx_word' id='word_1_314' title='bbox 538 1980 636 2012; x_wconf 87' lang='lat' dir='ltr'><strong>sunt.</strong></span> <span class='ocrx_word' id='word_1_315' title='bbox 692 1970 767 2019; x_wconf 79' lang='lat' dir='ltr'><strong>Qui</strong></span> <span class='ocrx_word' id='word_1_316' title='bbox 794 1985 906 2022; x_wconf 84' lang='lat' dir='ltr'><strong>quum</strong></span> <span class='ocrx_word' id='word_1_317' title='bbox 933 1969 1217 2019; x_wconf 80' lang='lat' dir='ltr'><strong>constituissent,</strong></span> <span class='ocrx_word' id='word_1_318' title='bbox 1245 1979 1285 2009; x_wconf 92' lang='lat' dir='ltr'><strong>ut</strong></span> <span class='ocrx_word' id='word_1_319' title='bbox 1308 1969 1423 2009; x_wconf 87' lang='lat' dir='ltr'><strong>Troia</strong></span> <span class='ocrx_word' id='word_1_320' title='bbox 1449 1969 1593 2021; x_wconf 87' lang='lat' dir='ltr'><strong>sagittis</strong></span> <span class='ocrx_word' id='word_1_321' title='bbox 1620 1969 1792 2009; x_wconf 86' lang='lat' dir='ltr'><strong>Herculis</strong></span> <span class='ocrx_word' id='word_1_322' title='bbox 1819 1980 2024 2023; x_wconf 86' lang='lat' dir='ltr'><strong>caperetur,</strong></span> 
     </span>
     <span class='ocr_line' id='line_1_30' title="bbox 164 2030 2025 2090; baseline -0.003 -13"><span class='ocrx_word' id='word_1_323' title='bbox 164 2051 287 2090; x_wconf 80' lang='lat' dir='ltr'><strong>neque</strong></span> <span class='ocrx_word' id='word_1_324' title='bbox 314 2042 527 2087; x_wconf 86' lang='lat' dir='ltr'><strong>caperetur,</strong></span> <span class='ocrx_word' id='word_1_325' title='bbox 563 2032 779 2085; x_wconf 86' lang='lat' dir='ltr'><strong>priusquam</strong></span> <span class='ocrx_word' id='word_1_326' title='bbox 817 2032 944 2070; x_wconf 89' lang='lat' dir='ltr'><strong>decem</strong></span> <span class='ocrx_word' id='word_1_327' title='bbox 970 2044 1148 2069; x_wconf 89' lang='lat' dir='ltr'><strong>annorum</strong></span> <span class='ocrx_word' id='word_1_328' title='bbox 1175 2030 1336 2083; x_wconf 87' lang='lat' dir='ltr'><strong>spatium</strong></span> <span class='ocrx_word' id='word_1_329' title='bbox 1364 2030 1644 2078; x_wconf 85' lang='lat' dir='ltr'><strong>intercessisset,</strong></span> <span class='ocrx_word' id='word_1_330' title='bbox 1682 2030 1923 2080; x_wconf 89' lang='lat' dir='ltr'><strong>Philoctetes,</strong></span> <span class='ocrx_word' id='word_1_331' title='bbox 1961 2032 2025 2083; x_wconf 87' lang='lat' dir='ltr'><strong>qui</strong></span> 
     </span>
     <span class='ocr_line' id='line_1_31' title="bbox 165 2090 2026 2149; baseline -0.004 -10"><span class='ocrx_word' id='word_1_332' title='bbox 165 2101 252 2139; x_wconf 88' lang='lat' dir='ltr'><strong>illas</strong></span> <span class='ocrx_word' id='word_1_333' title='bbox 278 2097 433 2149; x_wconf 85' lang='lat' dir='ltr'><strong>sagittas</strong></span> <span class='ocrx_word' id='word_1_334' title='bbox 459 2094 642 2143; x_wconf 86' lang='lat' dir='ltr'><strong>habebat,</strong></span> <span class='ocrx_word' id='word_1_335' title='bbox 667 2106 715 2131; x_wconf 87' lang='lat' dir='ltr'><strong>ne</strong></span> <span class='ocrx_word' id='word_1_336' title='bbox 740 2092 858 2144; x_wconf 88' lang='lat' dir='ltr'><strong>primo</strong></span> <span class='ocrx_word' id='word_1_337' title='bbox 885 2091 1006 2132; x_wconf 88' lang='lat' dir='ltr'><strong>statim</strong></span> <span class='ocrx_word' id='word_1_338' title='bbox 1034 2091 1174 2144; x_wconf 85' lang='lat' dir='ltr'><strong>impetu</strong></span> <span class='ocrx_word' id='word_1_339' title='bbox 1200 2092 1292 2131; x_wconf 89' lang='lat' dir='ltr'><strong>urbe</strong></span> <span class='ocrx_word' id='word_1_340' title='bbox 1319 2091 1516 2144; x_wconf 87' lang='lat' dir='ltr'><strong>potiretur,</strong></span> <span class='ocrx_word' id='word_1_341' title='bbox 1554 2104 1578 2130; x_wconf 89' lang='lat' dir='ltr'><strong>a</strong></span> <span class='ocrx_word' id='word_1_342' title='bbox 1605 2090 1718 2130; x_wconf 86' lang='lat' dir='ltr'><strong>Troia</strong></span> <span class='ocrx_word' id='word_1_343' title='bbox 1743 2091 1923 2131; x_wconf 88' lang='lat' dir='ltr'><strong>arcendus</strong></span> <span class='ocrx_word' id='word_1_344' title='bbox 1949 2102 2026 2132; x_wconf 86' lang='lat' dir='ltr'><strong>erat</strong></span> 
     </span>
     <span class='ocr_line' id='line_1_32' title="bbox 166 2151 2026 2205; baseline -0.004 -5"><span class='ocrx_word' id='word_1_345' title='bbox 166 2161 234 2200; x_wconf 82' lang='lat'><strong>68.</strong></span> <span class='ocrx_word' id='word_1_346' title='bbox 262 2159 351 2197; x_wconf 82' lang='lat'><strong>191.</strong></span> <span class='ocrx_word' id='word_1_347' title='bbox 377 2156 469 2195; x_wconf 81' lang='lat'><strong>610.</strong></span> <span class='ocrx_word' id='word_1_348' title='bbox 501 2154 602 2194; x_wconf 83' lang='lat'>1325</span> <span class='ocrx_word' id='word_1_349' title='bbox 627 2167 711 2205; x_wconf 85' lang='lat' dir='ltr'><strong>sqq.</strong></span> <span class='ocrx_word' id='word_1_350' title='bbox 740 2152 838 2191; x_wconf 85' lang='lat'>1421</span> <span class='ocrx_word' id='word_1_351' title='bbox 867 2167 950 2204; x_wconf 83' lang='lat' dir='ltr'><strong>sqq.</strong></span> <span class='ocrx_word' id='word_1_352' title='bbox 1003 2155 1210 2191; x_wconf 86' lang='lat' dir='ltr'><strong>Arcuerunt</strong></span> <span class='ocrx_word' id='word_1_353' title='bbox 1235 2166 1280 2190; x_wconf 93' lang='lat' dir='ltr'><strong>eo</strong></span> <span class='ocrx_word' id='word_1_354' title='bbox 1306 2152 1390 2203; x_wconf 86' lang='lat' dir='ltr'><strong>ipso</strong></span> <span class='ocrx_word' id='word_1_355' title='bbox 1416 2160 1598 2203; x_wconf 87' lang='lat' dir='ltr'><strong>tempore,</strong></span> <span class='ocrx_word' id='word_1_356' title='bbox 1627 2165 1699 2200; x_wconf 87' lang='lat' dir='ltr'><strong>quo</strong></span> <span class='ocrx_word' id='word_1_357' title='bbox 1724 2151 1773 2190; x_wconf 89' lang='lat' dir='ltr'><strong>ad</strong></span> <span class='ocrx_word' id='word_1_358' title='bbox 1799 2165 1873 2190; x_wconf 90' lang='lat' dir='ltr'><strong>rem</strong></span> <span class='ocrx_word' id='word_1_359' title='bbox 1900 2162 2026 2192; x_wconf 84' lang='lat' dir='ltr'><strong>contra</strong></span> 
     </span>
     <span class='ocr_line' id='line_1_33' title="bbox 169 2211 2025 2269; baseline -0.005 -9"><span class='ocrx_word' id='word_1_360' title='bbox 169 2220 351 2259; x_wconf 89' lang='lat' dir='ltr'><strong>Troianos</strong></span> <span class='ocrx_word' id='word_1_361' title='bbox 388 2230 564 2269; x_wconf 87' lang='lat' dir='ltr'><strong>prospere</strong></span> <span class='ocrx_word' id='word_1_362' title='bbox 602 2214 803 2266; x_wconf 86' lang='lat' dir='ltr'><strong>gerendam</strong></span> <span class='ocrx_word' id='word_1_363' title='bbox 841 2228 915 2252; x_wconf 91' lang='lat' dir='ltr'><strong>una</strong></span> <span class='ocrx_word' id='word_1_364' title='bbox 952 2228 1035 2252; x_wconf 91' lang='lat' dir='ltr'><strong>cum</strong></span> <span class='ocrx_word' id='word_1_365' title='bbox 1072 2212 1225 2263; x_wconf 87' lang='lat' dir='ltr'><strong>reliquis</strong></span> <span class='ocrx_word' id='word_1_366' title='bbox 1252 2211 1404 2252; x_wconf 85' lang='lat' dir='ltr'><strong>Graecis</strong></span> <span class='ocrx_word' id='word_1_367' title='bbox 1441 2226 1546 2252; x_wconf 89' lang='lat' dir='ltr'><strong>sacra</strong></span> <span class='ocrx_word' id='word_1_368' title='bbox 1572 2212 1735 2251; x_wconf 81' lang='lat' dir='ltr'><strong>facturus</strong></span> <span class='ocrx_word' id='word_1_369' title='bbox 1759 2220 1851 2252; x_wconf 88' lang='lat' dir='ltr'><strong>erat.</strong></span> <span class='ocrx_word' id='word_1_370' title='bbox 1915 2213 2025 2260; x_wconf 76' lang='lat' dir='ltr'><strong>Quod</strong></span> 
     </span>
     <span class='ocr_line' id='line_1_34' title="bbox 169 2272 2026 2327; baseline -0.004 -8"><span class='ocrx_word' id='word_1_371' title='bbox 169 2289 291 2320; x_wconf 88' lang='lat' dir='ltr'><strong>autem</strong></span> <span class='ocrx_word' id='word_1_372' title='bbox 324 2286 376 2317; x_wconf 90' lang='lat' dir='ltr'><strong>tot</strong></span> <span class='ocrx_word' id='word_1_373' title='bbox 402 2290 446 2316; x_wconf 90' lang='lat' dir='ltr'><strong>ac</strong></span> <span class='ocrx_word' id='word_1_374' title='bbox 473 2275 584 2315; x_wconf 85' lang='lat' dir='ltr'><strong>tantis</strong></span> <span class='ocrx_word' id='word_1_375' title='bbox 610 2275 718 2315; x_wconf 85' lang='lat' dir='ltr'><strong>malis</strong></span> <span class='ocrx_word' id='word_1_376' title='bbox 743 2273 972 2327; x_wconf 88' lang='lat' dir='ltr'><strong>implicatum</strong></span> <span class='ocrx_word' id='word_1_377' title='bbox 1009 2273 1064 2313; x_wconf 89' lang='lat' dir='ltr'><strong>dii</strong></span> <span class='ocrx_word' id='word_1_378' title='bbox 1090 2274 1330 2313; x_wconf 88' lang='lat' dir='ltr'><strong>Philoctetam</strong></span> <span class='ocrx_word' id='word_1_379' title='bbox 1356 2272 1598 2321; x_wconf 86' lang='lat' dir='ltr'><strong>retinuerunt,</strong></span> <span class='ocrx_word' id='word_1_380' title='bbox 1637 2279 1774 2310; x_wconf 83' lang='lat' dir='ltr'><strong>tantum</strong></span> <span class='ocrx_word' id='word_1_381' title='bbox 1801 2272 1947 2323; x_wconf 86' lang='lat' dir='ltr'><strong>aberat,</strong></span> <span class='ocrx_word' id='word_1_382' title='bbox 1986 2282 2026 2312; x_wconf 83' lang='lat' dir='ltr'><strong>ut</strong></span> 
     </span>
     <span class='ocr_line' id='line_1_35' title="bbox 169 2333 2025 2386; baseline -0.004 -7"><span class='ocrx_word' id='word_1_383' title='bbox 169 2339 385 2380; x_wconf 87' lang='lat' dir='ltr'><strong>crudelitate</strong></span> <span class='ocrx_word' id='word_1_384' title='bbox 411 2337 535 2376; x_wconf 84' lang='lat' dir='ltr'><strong>nescio</strong></span> <span class='ocrx_word' id='word_1_385' title='bbox 564 2349 639 2386; x_wconf 89' lang='lat' dir='ltr'><strong>qua</strong></span> <span class='ocrx_word' id='word_1_386' title='bbox 664 2345 728 2375; x_wconf 87' lang='lat' dir='ltr'><strong>aut</strong></span> <span class='ocrx_word' id='word_1_387' title='bbox 753 2335 895 2374; x_wconf 86' lang='lat' dir='ltr'><strong>invidia</strong></span> <span class='ocrx_word' id='word_1_388' title='bbox 922 2334 1034 2383; x_wconf 88' lang='lat' dir='ltr'><strong>ducti,</strong></span> <span class='ocrx_word' id='word_1_389' title='bbox 1061 2335 1222 2373; x_wconf 84' lang='lat' dir='ltr'><strong>animum</strong></span> <span class='ocrx_word' id='word_1_390' title='bbox 1249 2349 1355 2373; x_wconf 88' lang='lat' dir='ltr'><strong>suum</strong></span> <span class='ocrx_word' id='word_1_391' title='bbox 1383 2333 1538 2373; x_wconf 89' lang='lat' dir='ltr'><strong>miseriis</strong></span> <span class='ocrx_word' id='word_1_392' title='bbox 1565 2333 1645 2371; x_wconf 91' lang='lat' dir='ltr'><strong>eius</strong></span> <span class='ocrx_word' id='word_1_393' title='bbox 1671 2346 1821 2383; x_wconf 87' lang='lat' dir='ltr'><strong>pascere</strong></span> <span class='ocrx_word' id='word_1_394' title='bbox 1847 2341 1912 2371; x_wconf 88' lang='lat' dir='ltr'><strong>aut</strong></span> <span class='ocrx_word' id='word_1_395' title='bbox 1938 2347 2025 2384; x_wconf 84' lang='lat' dir='ltr'><strong>pra-</strong></span> 
     </span>
     <span class='ocr_line' id='line_1_36' title="bbox 172 2393 2023 2452; baseline -0.004 -11"><span class='ocrx_word' id='word_1_396' title='bbox 172 2416 297 2441; x_wconf 85' lang='lat' dir='ltr'><strong>vorum</strong></span> <span class='ocrx_word' id='word_1_397' title='bbox 326 2398 515 2439; x_wconf 91' lang='lat' dir='ltr'><strong>hominum</strong></span> <span class='ocrx_word' id='word_1_398' title='bbox 553 2397 676 2452; x_wconf 80' lang='lat' dir='ltr'><strong>potius</strong></span> <span class='ocrx_word' id='word_1_399' title='bbox 714 2410 823 2449; x_wconf 89' lang='lat' dir='ltr'><strong>quam</strong></span> <span class='ocrx_word' id='word_1_400' title='bbox 851 2395 1048 2449; x_wconf 88' lang='lat' dir='ltr'><strong>proborum</strong></span> <span class='ocrx_word' id='word_1_401' title='bbox 1084 2410 1208 2436; x_wconf 89' lang='lat' dir='ltr'><strong>curam</strong></span> <span class='ocrx_word' id='word_1_402' title='bbox 1235 2408 1363 2448; x_wconf 85' lang='lat' dir='ltr'><strong>gerere</strong></span> <span class='ocrx_word' id='word_1_403' title='bbox 1390 2394 1544 2444; x_wconf 85' lang='lat' dir='ltr'><strong>vellent,</strong></span> <span class='ocrx_word' id='word_1_404' title='bbox 1583 2400 1623 2433; x_wconf 86' lang='lat' dir='ltr'><strong>ut</strong></span> <span class='ocrx_word' id='word_1_405' title='bbox 1648 2393 1746 2434; x_wconf 86' lang='lat' dir='ltr'><strong>viam</strong></span> <span class='ocrx_word' id='word_1_406' title='bbox 1771 2401 2023 2443; x_wconf 87' lang='lat' dir='ltr'><strong>monstrarent,</strong></span> 
     </span>
    </p>
   </div>
  </div>
 </body>
</html>
