2270 2915
971 158 1277 204 ..32-

196 285 296 329 iusta
320 300 437 339 uxor,
470 292 513 325 nt
537 283 713 327 Herculia
737 284 900 327 animum
925 285 999 327 sibi
1034 284 1315 338 reconciliaret,-
1329 284 1390 328 vad
1424 284 1535 327 tto-si
1568 283 1835 327 medicanienta
1869 286 2060 340 aufugiit

196 348 260 390 hi·
294 358 416 389 antem
451 347 565 387 rebus
600 347 662 387 via
697 347 839 387 mnnita
873 357 949 398 est,
995 361 1070 400 qna
1093 362 1184 388 nors
1220 343 1594 388 adfluens-utimr
1615 347 1802 387 incederet
1844 356 1881 386 et
1916 349 2088 404 utrique-

197 408 435 463 aecopinanti
470 408 716 450 calamitatem
761 408 962 451 maximam
1006 409 1155 450 afferret
1196 410 1289 451 8⁵⁰.
1319 431 1324 438 ‹
1360 408 1708 462 suprafluentes
1752 409 1903 461 quiden
1949 425 2062 462 quum

197 470 362 524 Iphitum
387 470 544 523 turpiter
570 470 765 510 cecidisset
789 470 888 521 274,
924 485 1044 523 neque
1070 472 1160 511 nlla-
1173 471 1327 512 honesta
1351 474 1470 513 cuni
1489 478 1709 520 mamus,
1744 471 1811 509 sed
1836 471 1936 525 turpi
1961 472 2063 511 lolac

197 546 323 574 amore
354 532 485 572 ductus
521 532 725 573 Oechaliae
756 532 896 573 bellurn
931 532 1115 574 intulisset
1150 534 1249 580 ³6⁰,
1288 541 1325 572 ct
1359 530 1527 572 uxorem*
1543 545 1649 572 snam
1675 531 1965 572 amantissimam
1992 547 2061 572 ne-

196 593 399 645 glexisset,
436 593 566 632 harum
594 608 715 633 rerum
752 607 891 645 poenas
928 593 1050 640 dedit,
1089 602 1130 634 ut
1163 595 1213 633 ab
1249 593 1418 633 omnibns
1453 593 1625 633 humanis
1650 593 1750 633 vitiis
1776 601 1885 644 atque
1911 594 2064 645 flagitiis

199 664 401 708 purgatus,
439 653 575 704 dignus
602 654 816 704 exsisteret,
855 654 918 706 qui
944 654 993 694 ad
1027 655 1116 694 deos
1153 654 1285 694 abiret.
1348 657 1485 694 Notum
1523 654 1620 693 enim
1659 663 1738 693 erat
1774 654 1961 704 omnibus,
1999 655 2063 706 qni

196 716 432 769 spectabant,
468 715 666 753 Herculem
703 714 742 753 in
776 729 868 766 rogo
900 715 1131 767 impositum,
1168 729 1281 766 quum
1313 714 1472 754 flammis
1498 714 1839 761 circumveniretur,
1876 715 1998 754 subito
2023 715 2064 754 in

201 775 346 815 coelum
372 789 454 815 esse
479 775 680 816 sublatum.
734 775 950 815 Deianiram
977 785 1120 826 autem,
1154 775 1253 827 quod
1280 775 1465 829 specimen
1491 776 1631 829 probae
1657 789 1700 814 ac
1725 775 1824 814 fidae
1849 775 1976 815 uxoris
2001 785 2063 815 tuo

199 836 283 877 iure
309 836 471 887 dixeris,
508 845 583 876 tam
612 837 704 876 duro
733 836 847 877 exitio
874 837 1091 877 exstinctam
1119 851 1222 885 esse,
1261 846 1316 877 est
1342 837 1509 889 quidem,
1547 836 1646 889 quod
1684 845 1720 877 te
1756 835 1949 886 misereat3
1997 837 2063 878 sed

203 913 318 950 quum
345 913 440 938 uxor
465 907 564 938 esset
589 898 681 937 tanti
707 913 752 938 ac
778 909 852 937 tam
879 899 969 938 clari
1001 899 1092 945 viri,
1129 896 1179 937 in*
1206 912 1349 937 omnem
1386 898 1468 938 eius
1503 899 1671 937 fortunae
1707 899 1918 938 societatem
1953 907 2064 950 atque

201 958 491 1000 communionem
518 958 725 998 necessario
752 958 912 998 adducta
938 967 1013 1008 est,
1047 971 1168 1010 neque
1204 973 1292 999 vero
1330 959 1457 999 aberat
1494 959 1555 999 vel
1592 971 1616 998 a
1653 959 1896 1011 trepidatione
1923 959 2063 1011 aliqua,

199 1035 313 1072 quum
350 1030 515 1071 tempus,
555 1019 642 1057 dum
679 1019 861 1057 Hercules
887 1019 1041 1067 rediret,
1080 1029 1296 1070 exspectare
1333 1034 1406 1058 non
1443 1029 1568 1072 posset
1605 1029 1640 1058 et
1666 1020 1738 1058 diis
1763 1020 1857 1072 ipsis
1884 1021 2063 1071 quodam-

199 1081 309 1120 modo
336 1080 444 1119 tacite
469 1082 699 1117 succenseret
725 1079 815 1118 201.
842 1079 940 1124 228,
981 1079 1040 1116 vel
1076 1092 1100 1117 a
1132 1078 1302 1128 levitate,
1340 1079 1479 1131 qnippe
1506 1093 1621 1129 quae,
1659 1079 1874 1131 priusquam
1901 1080 2063 1119 medica-

199 1149 320 1179 mento
347 1153 415 1178 suo
443 1147 624 1184 uteretur,
662 1152 710 1176 ne
748 1138 951 1190 periculum
990 1138 1138 1189 quidem
1175 1147 1299 1177 tantae
1335 1138 1389 1177 rei
1415 1139 1574 1180 fecisset.
1636 1141 1693 1180 Ne
1718 1138 1875 1179 Licham
1902 1139 2062 1192 denique

199 1200 422 1255 praeterisse
447 1198 652 1249 videamur,
679 1199 862 1240 mendacii
888 1212 1028 1252 poenas
1054 1199 1155 1238 dedit
1181 1199 1273 1240 780.

303 1315 505 1367 Reliquum
530 1324 605 1365 est,
640 1314 811 1367 quoniam
845 1314 891 1354 de
923 1314 1080 1366 singulis
1112 1313 1313 1366 tragoediis
1340 1329 1435 1366 quae
1459 1315 1566 1355 nobis
1592 1316 1820 1366 viderentur,
1847 1316 2059 1369 expositum

202 1386 279 1425 est,
318 1386 360 1416 ut
397 1377 444 1414 de
470 1376 613 1429 peccati
649 1376 688 1415 in
721 1375 921 1427 tragoediis
949 1376 1169 1429 Sophocleis
1195 1376 1234 1415 vi
1261 1384 1297 1415 et
1323 1385 1454 1417 natura
1480 1376 1651 1417 universa
1678 1377 1871 1416 dicendum
1898 1391 1979 1417 esse
2006 1377 2063 1417 vi-

199 1441 343 1480 deatur.
410 1441 516 1486 Quae
554 1436 703 1488 quidem
741 1451 799 1476 res
835 1452 908 1475 non
947 1438 1095 1488 longam
1135 1437 1321 1476 desiderat
1358 1437 1573 1478 orationem.
1637 1438 1763 1477 Facile
1800 1447 1855 1477 est
1881 1439 1977 1477 enim
2014 1439 2063 1479 ad

200 1499 501 1557 intelligendum,
538 1498 762 1550 Sophoclem
801 1498 993 1548 statuisse,
1031 1512 1112 1537 esse
1150 1498 1223 1537 vim
1251 1513 1430 1538 summam
1467 1513 1694 1549 numenque,
1732 1498 1830 1550 quod
1856 1500 1965 1538 rebus
1991 1499 2062 1538 hu-

199 1561 320 1600 manis
345 1568 554 1612 praeesset,
592 1572 713 1608 neque
740 1558 942 1608 quidquam
970 1572 1068 1607 esse,
1108 1559 1197 1609 quin
1230 1559 1278 1597 ad
1305 1559 1414 1597 huius
1441 1559 1600 1597 numinis
1627 1559 1817 1598 arbitrium
1845 1568 1941 1598 esset
1966 1561 2062 1598 rese-

200 1621 367 1661 rendum.
420 1623 549 1670 Itaque
574 1618 614 1658 in
641 1618 810 1657 omnibus
838 1619 967 1668 rebus,
1000 1632 1095 1669 quae
1122 1619 1234 1665 finnt,
1271 1628 1371 1658 certa
1396 1619 1577 1670 quaedam
1604 1619 1667 1658 lex
1694 1629 1768 1668 eat,
1806 1633 1915 1670 quam
1941 1620 2062 1670 negli-

201 1695 289 1732 gere
316 1694 360 1719 ac
385 1679 545 1728 migrare
571 1693 678 1717 nemo
704 1679 856 1729 impune
881 1687 1014 1730 potest.
1069 1679 1277 1728 Perficitur‚
1316 1679 1414 1730 quod
1448 1680 1496 1717 ab
1529 1678 1635 1716 initio
1668 1679 1899 1717 constitutum
1926 1689 1982 1717 est
2023 1689 2062 1718 ut

200 1742 323 1792 fieret,
363 1739 532 1792 quamvis
557 1740 674 1778 multa
700 1748 736 1778 et
762 1753 898 1791 magna
925 1738 1187 1792 impedimenta
1213 1741 1358 1779 obstare
1383 1739 1590 1780 videantur.
1652 1742 1775 1792 Saepe
1801 1739 1948 1790 quidem
1974 1754 2062 1780 casu

200 1817 246 1843 ac
271 1800 421 1840 fortuito
448 1800 527 1839 fieri
555 1799 717 1846 dixeris,
757 1814 853 1850 quae
879 1800 988 1846 fiant,
1027 1814 1147 1851 neque
1173 1800 1366 1839 consilinm
1393 1814 1475 1838 esse
1500 1813 1729 1851 supremum,
1755 1814 1827 1851 quo
1855 1800 1977 1838 omnia
2002 1814 2062 1838 re-

201 1861 366 1902 vocanda
393 1860 488 1900 sint:
538 1859 660 1899 omnia
686 1860 898 1909 turbantur,
936 1860 1059 1900 omnia
1085 1860 1300 1910 miscentur,
1338 1874 1457 1911 neque
1482 1860 1676 1911 quisquam
1704 1869 1780 1908 est,
1806 1859 1870 1910 qui
1896 1859 1935 1897 in
1962 1868 2062 1899 tanta

199 1936 322 1964 rerum
350 1922 622 1974 perturbatione
659 1929 723 1961 ant
749 1935 876 1960 verum
903 1920 1030 1960 videre
1056 1931 1140 1968 aut,
1180 1936 1288 1972 quem
1315 1921 1455 1960 exitum
1479 1935 1539 1960 res
1567 1920 1761 1960 habiturae
1785 1919 1877 1969 sint,
1914 1921 2061 1974 prospi-

202 1999 283 2024 cere
322 1983 452 2036 poasit.
516 1981 696 2020 Homines
733 1982 830 2020 enim
868 1981 985 2020 libero
1022 1996 1089 2021 suo
1125 1982 1277 2021 arbitrio
1315 1991 1487 2021 utuntur:
1537 1995 1596 2020 res
1633 1994 1739 2029 suas,
1777 1989 1817 2018 ut
1849 1981 1967 2020 visum
1993 1991 2060 2031 est,

203 2046 339 2086 obeunt
348 2058 362 2092 3
399 2052 439 2082 ut
465 2043 622 2094 quisque
647 2041 721 2082 sibi
748 2042 925 2095 optimam
951 2056 1100 2081 causam
1126 2042 1323 2081 defendere
1348 2042 1511 2091 videtur,
1538 2042 1591 2081 ita
1617 2040 1871 2080 ardentissime
1895 2055 1960 2088 eo,
1988 2057 2059 2094 quo

201 2105 337 2152 tendit,
363 2118 406 2144 ae
430 2103 625 2157 pervenire
651 2102 765 2156 cupit.
819 2103 899 2142 Sed
925 2103 1011 2153 nbi,
1049 2117 1144 2154 qnae
1168 2103 1462 2156 implicatissima
1487 2102 1726 2151 videbantur,
1753 2102 1937 2154 explicata
1962 2113 2060 2153 sunt,

203 2165 268 2204 ubi
294 2173 549 2217 tempestates,
587 2177 684 2215 quae
716 2163 957 2215 gravissimae
982 2164 1184 2203 concitatae
1210 2172 1332 2210 erant,
1369 2164 1540 2213 sedatae,
1576 2161 1642 2202 ubi
1678 2163 1889 2214 angustiae,
1926 2163 2060 2214 quibus

203 2223 433 2264 circumclusi
461 2224 696 2275 tenebantur,
722 2225 928 2277 patefactae
954 2234 1059 2264 sunt:
1105 2234 1207 2264 tanta
1232 2225 1355 2264 subito
1382 2225 1487 2276 quasi
1513 2225 1581 2263 lux
1607 2223 1787 2275 quaedam
1813 2222 1993 2274 oboritur,
2020 2233 2061 2264 ut

203 2286 396 2326 consilium
434 2283 570 2335 saissa,
608 2286 656 2324 ad
693 2286 811 2337 qnod,
850 2299 946 2336 quae
972 2295 1106 2324 temere
1133 2295 1170 2324 et
1197 2300 1283 2325 casu
1311 2286 1391 2325 fieri
1416 2286 1665 2331 crediderant,
1703 2285 1752 2323 ad
1789 2298 1901 2324 unum
1938 2285 2060 2324 omnia

201 2346 402 2400 prudenter
428 2354 599 2385 revocata
624 2345 717 2396 sint,
755 2359 882 2386 omnes
909 2346 1149 2385 confiteantur
1185 2347 1245 2386 vel
1271 2345 1390 2386 inviti.
1454 2349 1537 2386 Hoc
1562 2358 1695 2385 numen
1720 2359 1917 2392 summum,
1955 2344 2060 2385 cuius

203 2408 241 2446 in
268 2422 327 2447 res
353 2407 533 2447 humanas
558 2415 720 2459 potestas
756 2406 869 2446 nullis
907 2406 1179 2459 circumscripta
1205 2415 1261 2446 est
1285 2406 1441 2458 finibus,
1479 2407 1591 2460 quale
1628 2406 1713 2446 est?
1765 2405 1883 2458 Vulgi
1910 2405 2058 2457 quidem
