2270 2915
556 274 560 277 ,
609 232 754 285 θάρσει
789 245 876 284 μοι,
912 231 1077 284 θάρσει,
1113 232 1260 274 τέκνον·

603 298 724 346 μέγας
747 293 810 335 ἔτ’·
827 294 872 335 ἓν
897 292 1052 348 οῧρανῷ
1176 334 1182 340 ,

606 357 722 405 Ζεύς,
761 358 805 404 ὃς
828 356 956 409 ἐφορᾷ
981 356 1116 396 πάντα
1141 356 1207 394 καὶ
1231 355 1408 407 κρατύνει

119 431 211 469 173.
259 427 363 467 1dae-
395 440 507 478 quum
543 427 725 473 audisset,
762 427 1090 480 mycen-notram
1126 439 1194 478 per
1228 439 1396 464 somnum
1431 425 1513 465 viso
1547 424 1728 477 quodem,
1760 438 1834 475 qno
1870 426 1976 476 Ag·-

122 501 353 529 -enmue-
376 488 452 528 sibi
476 487 603 527 videre
627 487 840 538 videbatur,
875 486 1104 536 exterritam,
1141 485 1213 526 diis
1237 500 1344 526 sacre
1368 487 1546 526 sat-turs-
1571 500 1674 533 esse,
1713 494 1858 538 sperat,
1883 485 1976 530 fore,

119 558 161 587 nt
188 548 258 587 hoc
282 547 459 588 indicium
486 548 533 588 sit
558 562 778 601 poenarum,
814 562 908 598 quas
934 547 1038 586 brevi
1065 547 1136 586 diis
1161 561 1230 599 pro
1257 547 1410 600 flagitiis
1435 548 1513 587 suis
1540 548 1671 586 datura
1695 547 1745 586 sit
1787 547 1867 586 473
1893 560 1975 598 sqq.

124 612 212 658 Qua
238 624 307 663 spe
332 610 514 659 deiectus,
551 610 681 648 nuntio
704 610 751 649 tle
778 609 921 649 Orestis
946 618 1061 648 morte
1087 609 1214 659 allato,

486 684 569 722 ποῦ’
594 696 691 722 ποτε
715 685 893 733 κεραυνοῖ
919 681 1029 728 Διός,
1055 680 1193 732 inquit,
1219 684 1245 734 ἢ
1269 683 1350 722 ποῦ
1375 684 1541 734 φαέθων

482 745 630 791 Ἅλιος,
657 746 693 783 εἰ
716 743 821 783 ταῦτ’
848 744 1058 795 ἐφορῶντες
1082 745 1314 795 κρύπτουσιν
1340 744 1465 795 ἕκηλοι
1470 760 1485 791 ,-

116 815 208 855 823.
259 815 429 854 Electrae
455 823 574 853 autem
602 823 791 867 tantopere
816 827 1032 867 persuasum
1058 823 1133 860 est,
1172 813 1379 853 necessario
1415 812 1550 852 debere
1583 810 1673 850 deos
1699 824 1840 864 poenas
1866 825 1976 864 repe-

115 884 191 914 tere
217 876 266 915 ab
291 875 358 925 iis,
397 875 460 927 qui
488 875 640 928 turpiter
665 884 805 928 patrem
832 878 945 914 suum'
964 873 1230 922 interfecerint,
1268 884 1327 921 ut,
1356 873 1427 913 nisi
1455 872 1685 927 repetierint,
1713 873 1833 925 pudor
1857 873 1977 913 omnis

116 950 163 975 ac
185 937 403 976 verecundia
430 937 615 976 hominum
653 946 750 975 certo
777 936 1033 987 exstinguatur
1069 934 1150 975 244
1176 950 1258 987 sqq.
1323 938 1430 983 Quae
1464 948 1576 986 quum
1612 934 1664 973 ita
1700 934 1792 984 sint,
1829 934 1975 975 Chorus

116 1000 282 1036 Orestem
309 1007 347 1036 et
372 998 548 1051 Pyladem
585 998 847 1049 μεταδρόμους
869 999 995 1037 κακῶν
1020 998 1353 1049 πανουργημάτων
1378 995 1573 1048 ἀφύκτους
1596 996 1717 1042 κύνας
1740 1005 1848 1035 vocat
1871 999 1976 1035 Mer-

115 1056 328 1108 curiumque
355 1072 480 1097 eorum
507 1058 634 1096 ducem
662 1072 743 1097 esse
770 1067 806 1096 et
833 1058 983 1096 caedem
1010 1058 1058 1095 ab
1085 1057 1216 1096 Inferis
1243 1057 1370 1110 perfici
1395 1056 1484 1095 dicit
1520 1056 1624 1096 1364
1648 1069 1732 1106 sqq.
1762 1056 1865 1096 1419
1890 1072 1974 1109 sqq.

114 1120 162 1157 Et
187 1118 392 1170 Aegisthus
418 1132 529 1170 quum
557 1118 723 1169 domum,
751 1118 814 1157 ubi
841 1118 973 1157 caedes
1000 1132 1082 1157 eum
1110 1118 1301 1164 manebat,
1328 1117 1487 1167 redit-et,
1520 1116 1572 1156 ati
1593 1117 1761 1157 Iustitiae
1787 1127 1972 1159 certamen

115 1194 220 1219 ruere
248 1179 380 1219 dicitur
407 1178 522 1229 1441,
561 1193 669 1230 quem
696 1179 734 1218 in
762 1179 910 1225 domum
935 1178 1170 1218 introducens
1196 1178 1245 1218 etl
1271 1178 1420 1218 caedem
1446 1175 1611 1229 orestis,

484 1253 579 1304 χρῆν
605 1249 648 1290 δ’
675 1249 802 1298 εὐθὺς
827 1252 945 1298 εἶναι,
972 1248 1111 1301 inquit,
1138 1251 1251 1303 τήνδε
1277 1258 1355 1297 τοῖς
1380 1253 1503 1292 πᾶσιν
1528 1251 1648 1303 δίκην,

484 1315 582 1361 ὄςτις
607 1317 709 1365 πέρα
735 1315 926 1365 πράσσειν
949 1328 994 1362 γε
1016 1314 1090 1352 τῶν
1116 1313 1247 1364 νόμων
1273 1314 1401 1360 θέλει,

482 1379 655 1416 κτείνειν.
708 1375 750 1415 τὸ
776 1375 850 1426 γὰρ
877 1375 1102 1426 πανοῦργον
1129 1374 1197 1415 οῦκ
1223 1377 1275 1415 ἄν
1301 1374 1347 1427 ἦν
1374 1376 1477 1415 πολύ
1519 1375 1633 1414 1505.

218 1469 339 1517 Atque
365 1464 403 1504 in
430 1464 500 1504 hae
526 1465 608 1518 ipsa
635 1466 814 1506 sententia
852 1467 969 1507 omnis
1003 1466 1114 1506 huius
1142 1467 1291 1507 fabulae
1318 1467 1373 1506 vis
1401 1466 1519 1519 posita
1546 1476 1614 1507 est.
1679 1466 1755 1516 Qui
1781 1477 1970 1520 peccatum

116 1528 390 1574 commiserunt,
427 1528 475 1567 ab
501 1527 561 1568 his
585 1542 707 1581 poena
732 1528 923 1581 repetitur.
979 1528 1157 1577 Quamvis
1184 1529 1246 1568 diu
1275 1529 1348 1568 sint
1373 1529 1468 1568 salvi
1494 1528 1735 1580 omnibusque
1763 1530 1875 1569 rebus
1900 1530 1970 1570 flo-

114 1600 256 1635 rentes,
294 1599 413 1628 tamen
442 1599 478 1628 et
502 1604 647 1643 semper
672 1600 756 1630 sunt
782 1591 821 1629 in
849 1599 946 1629 metu
983 1591 1074 1630 293.
1103 1592 1193 1640 780,
1230 1606 1352 1642 neque
1378 1604 1498 1642 poena
1524 1591 1721 1638 carebunt3
1774 1605 1870 1640 quae
1896 1606 1969 1641 quo

113 1652 249 1691 diutius
288 1651 432 1691 videtur
469 1665 631 1701 cessere,
678 1666 723 1691 eo
760 1651 907 1702 gravior
942 1651 1063 1691 subito
1100 1651 1227 1691 instat.
1302 1654 1433 1701 Neque
1470 1650 1669 1702 quidquam
1707 1651 1779 1690 diis
1817 1662 1967 1703 peccato

111 1713 231 1762 magis
257 1721 313 1752 est
339 1711 515 1753 invise-r.
580 1713 690 1761 Quod
719 1727 829 1762 qmim
867 1713 1118 1751 sanctissimae
1154 1713 1357 1762 societatis,
1397 1712 1518 1763 qualis
1555 1721 1611 1751 est
1648 1711 1742 1750 inter
1779 1713 1967 1764 coniuges,

111 1782 293 1826 parentes,
315 1772 468 1819 liberos,
495 1773 641 1812 vincula
667 1775 827 1822 dirimat,
853 1774 928 1826 ipsi
952 1774 1004 1811 dii
1032 1774 1182 1820 faciunt,
1210 1784 1249 1813 ut
1275 1776 1322 1814 ab
1350 1773 1654 1814 coniunctissimis
1681 1774 1967 1816 coniunctissimi

111 1848 251 1887 poenes
283 1843 464 1886 repetant..
523 1837 600 1873 Nec
627 1845 776 1886 peccato
811 1849 883 1873 non
915 1835 1088 1883 efficitur,
1124 1844 1183 1884 ut,
1211 1835 1273 1883 qni
1300 1835 1564 1883 commiserint,
1591 1836 1787 1887 superbiae
1811 1851 1853 1876 se
1879 1838 1967 1877 dent

111 1895 383 1944 insolenterque
410 1908 451 1933 se
486 1905 626 1944 gerant.
694 1895 895 1947 Aegisthus
921 1896 1037 1944 enirn,
1075 1910 1185 1946 quum
1220 1896 1293 1935 iam
1322 1911 1417 1935 mors
1442 1896 1611 1941 instaret,
1650 1896 1966 1938 vehementissime

111 1957 147 1995 in
174 1956 357 1995 Electram
390 1955 575 1994 invehitur
603 1957 716 2007 1445,
744 1972 856 2009 seque
882 1956 970 2006 iant,
998 1959 1128 1996 Oreste
1154 1967 1307 2006 mortuo,
1334 1956 1502 1995 omnibus
1528 1956 1688 1996 inimicis
1714 1959 1792 1998 suis
1819 1960 1966 2009 gravis-

109 2019 238 2057 simum
284 2016 540 2056 dominationis
586 2032 677 2056 suae
700 2044 702 2046 -
723 2018 849 2068 iugum
891 2019 1150 2071 impositurum·
1172 2034 1253 2059 esse
1281 2018 1469 2057 minitatur
1510 2018 1626 2058 1458.
1690 2022 1739 2059 At
1776 2035 1863 2060 vero
1901 2023 1964 2073 qui

111 2079 283 2132 pietatem
317 2079 441 2117 colunt
479 2089 517 2118 et
543 2079 648 2118 bonis
675 2079 785 2118 rebus
810 2080 974 2125 student,
1013 2079 1042 2118 ii
1066 2094 1154 2130 nec,
1193 2094 1305 2132 quum
1338 2080 1386 2119 ab
1413 2079 1583 2120 omnibus
1609 2082 1806 2135 contempti
1832 2083 1964 2134 iacent,

110 2140 268 2179 animum
296 2139 501 2186 demittunt,
529 2150 565 2179 et
590 2156 611 2180 a
640 2141 748 2181 diis
736 2141 828 2194 ipsis
854 2141 1011 2190 denique
1037 2143 1218 2181 sublevati
1244 2151 1442 2195 resurgunt
1479 2143 1593 2182 1508.

151 2275 155 2279 .
212 2242 334 2283 Venio
360 2241 408 2280 ad
435 2256 498 2281 eas
524 2242 696 2293 fabulas,
711 2244 845 2295 quibus
872 2245 1078 2297 Sophocles
1104 2259 1163 2286 res
1185 2246 1323 2298 Oedipi
1349 2255 1384 2285 et
1409 2245 1607 2285 liberorum
1635 2245 1715 2285 eius
1740 2245 1962 2288 illustravit:

108 2294 145 2343 in
173 2303 307 2358 quibus
334 2302 547 2343 enarrandis
572 2318 645 2343 non
671 2305 858 2357 temporis,
885 2319 955 2355 quo
982 2320 1152 2358 quaeque
1180 2307 1336 2359 primum
1363 2306 1490 2345 fabula
1517 2306 1621 2345 docta
1648 2315 1718 2356 est,
1744 2307 1810 2346 sed
1827 2322 1960 2354 rerunt,

110 2378 201 2413 quas
228 2364 428 2415 continent,
456 2365 628 2405 rationem
658 2365 814 2407 [timebo.
870 2367 984 2406 Laius
1012 2368 1240 2415 Labdacide,
1269 2382 1333 2407 rex
1360 2367 1634 2414 Thebanorum,
1662 2382 1774 2419 quum
1800 2369 1848 2407 ab
1875 2383 1961 2408 ora-

1560 2439 1584 2480 3
