2270 2915
981 164 1285 209 ...23-

208 292 345 343 victu,
381 290 533 333 Troiam
566 287 871 344 profici-cendum
897 303 982 331 esse
1004 298 1199 344 aperuerat
1234 289 1314 331 895
1338 303 1449 342 sqq„
1493 289 1651 340 dende,
1686 289 1816 331 fraude
1841 306 1992 345 prorsus
2016 308 2060 334 o-

207 353 340 400 missa,
376 360 607 405 repugnante
641 351 777 401 Ulixe,
809 351 1105 404 persuadendum
1140 351 1266 404 potins
1297 351 1546 399 Philoctetae,
1580 367 1691 405 quam
1725 352 1798 392 vim
1836 363 1900 393 aut
1935 355 2060 396 dota-

207 413 458 457 adhibenda-
483 426 568 454 esse
591 410 805 462 arbitratus,
829 412 904 453 tela
929 412 1050 453 reddit
1089 412 1193 454 1218
1216 427 1300 465 sqq.
1358 414 1408 453 Et
1444 426 1556 463 quam
1591 413 1808 454 sententiani
1843 414 1916 455 iarn
1952 425 2061 456 antea

206 475 318 517 sociis
349 475 429 516 sais
460 481 702 528 proposuerat
738 475 840 524 191,
875 474 915 514 in
949 474 1103 514 eandem
1137 473 1261 527 ipsum
1285 473 1445 523 denique
1472 474 1710 515 Philoctetam
1737 476 1971 516 transducere
1996 491 2061 516 co·

204 607 241 638 et
266 598 419 638 vulnere
443 596 641 646 liberatus,
667 597 759 636 urbe
786 597 928 647 diruta,
954 610 1048 636 unus
1073 595 1235 635 omnium
1263 596 1458 635 maximam
1487 597 1643 647 gloriani
1669 597 1933 650 adipisceretur
1960 599 2061 638 1323

204 673 289 709 sqq.
342 657 439 707 Quis
471 667 551 706 est,
585 657 650 710 qui
686 673 761 698 noa
795 658 911 698 multo
943 656 1143 697 maioribus
1168 657 1342 697 laudibus
1368 657 1518 709 dignam
1546 672 1627 697 esse
1653 667 1800 698 censeat
1835 658 2059 699 honestatem

203 730 242 760 et
266 719 511 760 innocentia-
538 719 793 773 Neoptolemi,
828 733 936 771 quan
963 718 1086 758 Ulixis
1113 718 1397 758 fraudulentiam
1421 728 1458 758 et
1483 717 1775 771 turpitudinem?
1830 720 1906 759 Sed
1933 734 1980 759 ne
2005 720 2059 759 sie

203 780 377 832 quidem,
409 781 509 833 qued
544 781 644 832 vult,
679 781 824 821 efficere
857 789 991 833 potest.
1053 783 1148 835 Na-
1185 790 1226 819 ut
1261 790 1371 819 antea
1397 779 1568 820 simulata
1594 793 1662 819 sua
1687 779 1942 819 benevolentia
1966 781 2059 820 Phi-

201 842 358 883 loctetae
383 842 547 882 aui-un
573 841 645 882 sibi
671 842 828 895 primurn
854 841 1130 889 conciliaverat,
1167 842 1321 891 deinde,
1357 850 1551 895 pestqutm
1586 855 1628 880 se
1663 840 1749 880 dolo
1775 840 2057 891 circu-ventum

203 917 286 944 asse
322 903 455 954 sensit,
491 904 800 943 exacerbaverat:
845 902 918 949 ita,
954 917 1065 954 quum
1101 902 1249 942 tandem
1277 916 1419 942 omnem
1447 916 1543 948 rem,
1580 901 1702 953 qualis
1727 910 1842 952 esset,
1878 902 1989 956 plane
2014 916 2058 943 ac

203 964 397 1017 perspicue
422 962 696 1016 proposuisset,
732 972 853 1002 tamen
880 962 1018 1013 gratia,
1045 962 1082 1001 in
1112 976 1221 1012 quan
1247 963 1424 1011 redierat,
1451 971 1590 1001 tantum
1616 977 1690 1001 nen
1715 962 1850 1009 valuit,
1876 972 1916 1001 ut
1941 964 2058 1002 obsti·

198 1033 324 1064 natan
359 1023 520 1063 hominis
555 1031 713 1061 mentem
748 1022 919 1062 vinceret.
982 1024 1038 1060 lta
1074 1022 1182 1061 trium
1220 1022 1409 1062 hominum
1444 1023 1607 1062 moribus
1642 1022 1830 1075 sapienter
1865 1022 2056 1076 descriptis

199 1084 407 1136 Sophocles
431 1083 608 1131 ostendit,
637 1096 747 1133 quam
774 1082 883 1121 facile
909 1081 988 1120 fieri
1016 1082 1151 1134 possit,
1178 1092 1236 1132 ut,
1264 1083 1362 1132 quod
1389 1082 1429 1120 in
1453 1083 1565 1121 rebus
1591 1082 1764 1121 humanis
1787 1082 2056 1134 sapientissime

197 1158 221 1186 a
247 1144 319 1183 diis
346 1142 394 1182 ad
422 1155 558 1193 magna
585 1142 767 1193 quaedam
793 1155 837 1180 ac
862 1142 1053 1193 praeclara
1080 1143 1275 1181 efficienda
1299 1143 1535 1181 constitutum
1560 1141 1626 1190 sit,
1661 1141 1700 1180 id
1736 1150 1873 1180 temere
1903 1152 1941 1181 et
1966 1157 2055 1183 casu

196 1204 278 1245 fieri
304 1203 479 1246 homines
500 1211 652 1255 putent3
699 1202 789 1251 hos,
826 1202 859 1243 si
885 1203 959 1256 ipsi
985 1203 1059 1243 sibi
1084 1203 1265 1244 medelam
1290 1203 1423 1244 afferre
1449 1212 1642 1253 conentur,
1677 1202 1785 1243 malis
1810 1202 1888 1243 suis
1914 1203 2053 1245 artibus

196 1279 255 1306 tes
279 1264 502 1317 saepissime
524 1263 578 1303 ita
604 1263 754 1302 turbare
779 1277 823 1303 ac
849 1272 1074 1316 pervertere,
1110 1273 1151 1302 ut
1184 1265 1287 1303 salus
1323 1264 1398 1303 iam
1434 1263 1602 1317 expediri
1635 1277 1709 1302 non
1734 1277 1845 1316 posse
1872 1265 2052 1307 videatur.

195 1331 324 1378 ltaque
349 1326 574 1367 Philoctetes
599 1324 808 1378 Sophoclea
835 1339 946 1376 quum
972 1333 1048 1365 tota
1073 1325 1112 1365 in
1138 1325 1355 1365 necessitate
1381 1324 1468 1372 sati,
1504 1325 1604 1375 quod
1630 1334 1803 1372 vocatur,
1830 1325 2052 1378 explicanda

194 1395 385 1434 versemr,
405 1394 503 1426 recte
529 1385 601 1426 hoc
626 1385 773 1437 quidem
800 1385 946 1425 nomine
972 1386 1176 1440 comparari
1202 1394 1324 1439 potest
1350 1399 1432 1424 cum
1457 1385 1506 1425 iis
1531 1385 1752 1438 tragoediis,
1786 1399 1878 1436 quaa
1906 1387 2053 1438 Sopho-

195 1449 274 1488 cles
299 1449 349 1488 de
371 1448 520 1498 Oedipo
546 1447 701 1497 eiusque
726 1446 856 1485 liberis
881 1446 981 1486 fecit.
1033 1447 1109 1486 Sed
1136 1447 1207 1486 hoc
1231 1447 1395 1495 interest,
1422 1447 1520 1497 quod
1545 1446 1585 1485 in
1610 1447 1687 1486 illis
1712 1446 1912 1496 tragoediis
1936 1448 2053 1488 omnis

193 1508 267 1550 sati
285 1508 345 1549 vis
369 1508 429 1548 vel
455 1506 496 1545 in
521 1507 702 1547 scelerum
728 1505 955 1558 turpitudine
982 1506 1203 1546 vindicanda
1229 1507 1290 1546 vel
1316 1506 1354 1545 in
1382 1507 1583 1545 facinorum
1609 1505 1767 1547 audacia
1779 1507 2052 1560 comprimenda

194 1567 373 1616 cernitur,
399 1567 446 1606 in
469 1567 540 1605 hac
567 1567 709 1605 nullum
736 1566 850 1605 ullius
875 1567 1025 1606 sceleris
1051 1567 1235 1606 commissi
1261 1567 1457 1618 vestigium
1484 1566 1784 1619 deprehenditur,
1810 1582 1930 1619 neque
1955 1570 2051 1608 effu·

193 1642 282 1680 gere
318 1628 471 1667 deorum
506 1626 673 1677 decreta,
708 1626 774 1666 sed
812 1626 967 1678 exsequi
1004 1627 1136 1667 Ulixes
1172 1636 1208 1666 et
1243 1628 1507 1680 Neoptolemus
1541 1627 1700 1667 student.
1765 1627 1840 1666 Sed
1876 1642 1971 1678 quae
1997 1639 2052 1669 est

194 1688 424 1733 manseio
449 1687 691 1737 Philoctetae,
718 1687 956 1727 diuturnitate
982 1689 1159 1727 malorum
1187 1689 1433 1735 corroborata,
1461 1688 1644 1740 quidquid
1668 1686 1811 1726 consilii
1838 1688 1976 1739 ineunt,
2002 1691 2049 1729 ad

193 1764 325 1791 vanum
352 1758 390 1788 et
415 1748 556 1789 irritam
584 1747 780 1798 redigitur.
832 1751 872 1786 ln
900 1761 973 1799 qua
1000 1749 1148 1799 quidem
1183 1763 1223 1787 re
1259 1748 1293 1788 si
1329 1749 1422 1799 quid*
1456 1748 1565 1787 infuit
1601 1747 1759 1800 peccati,
1798 1747 1866 1786 hoc
1902 1749 1974 1799 dii,
2012 1760 2051 1789 ut

191 1825 305 1855 uun
325 1809 519 1851 consilium
555 1808 759 1855 efficerent,
796 1823 869 1848 non
897 1808 1144 1862 puniendam,
1182 1809 1248 1849 sed
1277 1808 1542 1848 emendandum
1571 1816 1800 1848 censuerunt.
1854 1811 2049 1849 Herculem

192 1871 239 1914 de
260 1869 374 1923 ,coelo
395 1869 584 1909 &suunt-
650 1868 731 1916 Qui,
761 1882 873 1919 quum
908 1870 1010 1922 ipse,
1047 1869 1220 1909 maximis
1245 1869 1437 1909 laboribus
1463 1871 1682 1916 exantlatis,
1719 1870 1873 1922 gloriam
1900 1870 2049 1909 immor·

192 1932 308 1977 talcm-
328 1931 502 1983 adeptus,
537 1929 587 1969 ad
616 1929 705 1968 deos
739 1929 899 1979 abisset,
932 1943 1025 1969 sane
1059 1931 1270 1983 aptissimus
1305 1940 1381 1980 est,
1417 1930 1486 1982 qui·
1519 1931 1759 1970 Philoctetam
1796 1931 1973 1980 adducat,
2010 1940 2049 1970 ut

191 1992 350 2035 consilio>
371 1992 528 2033 deorum.-
548 1990 788 2043 obtemperet.
852 1993 989 2041 Docet,
1026 2004 1178 2042 magnos
1215 2005 1298 2030 eum
1325 1991 1471 2030 labores
1498 2005 1710 2043 perpessum
1738 2006 1840 2041 esse,
1878 2005 2047 2042 magnam

191 2063 235 2094 ut.
256 2053 521 2106 adipisceretur
546 2050 726 2101 gloriam3
754 2050 1067 2091 diruturum-esse
1088 2052 1237 2091 Troiam
1263 2052 1497 2103 omniumque
1524 2052 1759 2092 fortissimum
1785 2052 1951 2091 habitum
1978 2052 2045 2100 iri;

190 2114 256 2159 ,qd
283 2127 402 2165 quan.
423 2112 464 2154 in
489 2111 580 2153 urhe
604 2110 787 2163 capienda
811 2111 859 2149 ab
886 2112 1130 2164 Neoptolemo.
1152 2113 1385 2152 adiuvandus
1412 2122 1528 2161 esset,
1565 2122 1757 2164 utrumque
1783 2112 1973 2163 admonet,
2007 2122 2046 2151 ut

190 2175 279 2219 daos
306 2175 368 2228 pie
392 2174 538 2221 colant.;
585 2180 739 2223 uterque
763 2170 860 2212 enim
896 2187 1010 2224 quum
1044 2173 1091 2212 de
1124 2173 1329 2214 Philocteta
1366 2173 1519 2224 eiusque
1545 2173 1689 2224 sagittis
1715 2174 1805 2226 quid
1831 2174 1884 2212 dii
1910 2173 2045 2212 conati-

191 2235 348 2279 tuissent-
369 2248 451 2274 aoa.
470 2233 677 2284 ignoraret,
709 2242 850 2279 tamen,
878 2234 1030 2273 consilio
1057 2234 1206 2273 deorum
1235 2235 1402 2285 neglecto
1409 2261 1422 2280 ‚
1450 2234 1618 2283 domum,
1643 2249 1715 2273 non
1744 2234 1892 2273 Troiam
1920 2233 2043 2274 abitu·

190 2296 419 2339 russuerat:
467 2294 584 2335 iidem
618 2294 756 2344 igitur,
787 2308 836 2333 ne
871 2294 1002 2333 iterum
1037 2294 1074 2333 in
1112 2296 1202 2334 urbe
1229 2294 1387 2334 delenda
1413 2309 1546 2334 numen
1573 2294 1737 2334 divinum
1764 2303 2043 2343 contemnerent,

190 2355 410 2403 admonendi
436 2363 554 2396 erant.
615 2354 676 2393 Ab
712 2354 873 2393 Hercule
909 2355 1214 2394 commonefactus
1251 2355 1471 2394 Philoctetes
1506 2355 1666 2403 denique
1693 2354 1868 2393 malorum
1895 2368 2042 2395 suorum
