2270 2915
993 166 1272 208 ...6.-

194 292 268 333 niba·
288 292 484 338 videntur,
519 300 562 330 -et
588 290 686 330 inter
713 303 793 329 eam
822 289 929 338 iram,
965 302 1038 340 qua
1064 288 1253 338 Miner-ra,
1290 287 1359 327 dea
1384 287 1676 340 sapientissima,
1711 289 1748 329 in
1787 291 1935 334 Aiacem
1963 309 2062 335 osu·-

193 355 422 394 -ovebatur,
489 355 602 400 Quae
641 352 765 391 omnia
788 351 997 404 Sophocles
1023 350 1305 403 prudentissime
1324 349 1550 401 explicavit,
1587 366 1698 403 qutun
1735 352 1838 391 illam
1872 355 1919 393 de
1949 357 2065 396 Aiace

193 414 413 467 sepeliendo
438 413 724 453 controversiam
754 412 847 450 inter
874 411 1023 451 Atridas
1044 420 1088 450 et
1114 414 1296 450 Teucrum
1323 410 1540 451 institueret.
1604 412 1763 451 Primum
1791 413 1886 453 enim
1914 417 2066 457 Atridae

194 490 308 527 quun
338 475 510 523 Aiacem,
549 474 633 525 qui,
665 474 755 512 dum
791 475 830 512 in
856 473 954 512 vireis
981 481 1078 519 erat,
1117 473 1227 512 facile
1253 472 1406 511 iniurias
1431 485 1454 511 a
1481 487 1521 511 se
1547 473 1698 524 suisque
1723 476 1956 527 propulerat,
1989 476 2065 515 iam

197 546 418 589 prostratum
457 535 646 583 viderent,
694 535 817 573 omnia
855 547 997 587 poenae
1034 534 1206 585 exempla
1242 533 1279 572 in
1316 548 1398 572 eum
1446 533 1556 572 edere
1599 544 1814 574 statuerant.
1879 540 2001 588 Atque
2028 547 2067 575 ut

196 597 277 636 fieti
305 598 399 636 solet
426 598 475 635 ab
503 596 728 644 hominibus,
766 604 819 644 ut,
856 609 951 646 quae
988 594 1122 633 iniuste
1150 596 1271 633 facere
1297 595 1462 647 cupiunt,
1489 609 1534 633 ea
1560 595 1739 646 speciosis
1766 597 1886 636 causis
1904 598 2068 649 undique

194 658 393 709 anquisitis
420 665 598 695 exornent
624 666 661 694 et
688 666 860 706 tanquam
888 656 1042 694 honesta
1079 670 1123 694 ac
1159 655 1364 694 laudabilia
1400 656 1483 694 aliis
1521 657 1676 707 probare
1711 657 1900 707 studeant,
1937 661 2068 698 Mene-

196 719 282 757 laus
310 719 445 757 multus
473 727 529 756 est
556 716 595 755 in
622 716 857 768 explicandis
883 716 929 755 iis
957 716 1179 765 rationibus,
1217 730 1309 767 quas
1345 716 1450 766 sequi
1488 716 1666 762 debeam,
1704 718 1767 768 qui
1805 720 2067 771 rempublicam

194 780 339 820 calvam
374 793 456 819 esse
489 771 648 817 velint.>
687 778 794 825 Quae
832 792 943 828 quum
981 792 1048 830 per
1084 792 1124 817 se
1162 777 1234 817 sint
1270 791 1359 816 sane
1395 777 1588 827 honestae,
1627 778 1746 828 1091,
1782 779 1912 818 iisdem
1948 793 2068 819 tamen

195 841 410 892 ‚tun-pissime
447 839 630 887 abutitur,
668 848 707 876 ut
743 839 904 878 animum
943 853 1049 877 suum
1086 838 1123 877 in
1162 838 1308 877 inimico
1342 848 1485 877 mortuo
1511 839 1699 891 puniendo
1726 841 1887 892 expleat.
1945 844 2067 889 Quum

197 902 293 942 nihil
332 901 536 946 effecisset,
574 913 597 938 a
637 902 781 938 Teucro
819 899 1081 939 contumeliose
1105 895 1311 947 dimissus,
1357 901 1668 949 Agamemnonem
1707 901 1871 943 arcessit.
1935 902 2011 951 Qui
2046 917 2068 941 a

196 963 311 1003 fratre
348 962 546 1011 instigatus
583 969 620 998 et
654 959 858 998 mendaciis
893 959 931 997 in
972 963 1154 997 Teucrum
1194 960 1434 998 exacerbatus
1470 960 1563 998 adeo
1599 961 1654 999 ira
1689 962 1884 1013 abripitur,
1921 973 1960 1001 ut
1996 978 2068 1001 non

198 1023 319 1063 solum
347 1022 607 1068 obliviscatur,
647 1030 822 1072 quantam
860 1020 1016 1059 salutem
1050 1019 1149 1059 Aiax
1175 1019 1287 1059 rebus
1314 1022 1536 1059 Graecorum
1564 1020 1637 1059 iam
1665 1021 1869 1074 desperatis
1896 1023 2070 1070 attulerit,

200 1099 328 1123 verum
357 1098 403 1121 ne
429 1083 577 1133 insigne
604 1081 751 1132 quidem
781 1082 894 1119 ullum
921 1094 1082 1130 unquam
1112 1081 1259 1128 sactum,
1286 1094 1359 1135 quo
1387 1081 1539 1131 reliquis
1559 1092 1773 1132 praestaret,
1801 1084 1849 1121 ab
1866 1098 1910 1122 eo
1930 1084 2068 1123 editum

201 1159 283 1186 esse
306 1143 494 1184 concedat.
548 1145 678 1194 Neque
692 1156 779 1181 sero
804 1156 899 1193 quae
914 1144 1057 1180 Teucer
1071 1140 1280 1194 respondet,
1306 1141 1354 1180 ad
1368 1142 1651 1181 controversiam
1672 1145 1960 1196 componendam
1981 1146 2070 1186 satis

200 1204 476 1246 accommodata
512 1213 609 1243 sunt.
683 1206 738 1241 lta
775 1217 886 1253 quum
922 1202 1127 1271 periculum
1165 1211 1280 1251 esset,
1317 1216 1363 1240 ne
1400 1202 1519 1247 Aiax,
1565 1217 1587 1241 a
1624 1205 1813 1256 sepultura
1851 1206 2069 1257 prohibitus,

205 1266 316 1305 etiam
345 1264 489 1318 proelio
519 1264 615 1303 inter
641 1264 788 1303 fratrem
817 1272 853 1301 et
880 1262 1049 1301 inimicos
1076 1271 1240 1301 conserto
1268 1261 1408 1302 nefarie
1434 1262 1661 1313 foedaretur,
1692 1264 1898 1317 Sophocles
1924 1266 2069 1306 Ulixem

198 1327 335 1365 iterum
370 1326 408 1364 in
445 1340 593 1364 scenam
633 1323 850 1363 introduxit.
925 1323 1000 1370 Qui
1037 1323 1194 1375 primum
1233 1323 1340 1373 quasi
1375 1323 1567 1361 Minervae
1603 1334 1725 1376 partes
1760 1326 1926 1367 sustinet.
1991 1328 2071 1366 Ad-

204 1387 373 1427 hortatur
401 1386 498 1426 enim
536 1389 869 1438 Agamemnonem,
907 1392 947 1423 ut
985 1384 1112 1423 sortem
1153 1384 1310 1435 (1319)
1347 1383 1450 1423 illum
1488 1383 1605 1423 virum
1641 1395 1821 1425 mortuum
1856 1386 1991 1427 iniuria
2025 1403 2072 1428 ne

200 1449 353 1489 afficiat.
425 1450 509 1496 Qua
549 1447 695 1498 quidem
734 1460 773 1483 re
810 1445 978 1493 efficitur,
1017 1460 1127 1495 quam
1164 1460 1249 1484 vere
1284 1459 1308 1484 a
1345 1446 1547 1485 Calchante
1583 1446 1718 1485 dictum
1755 1448 1822 1496 sit,
1858 1463 1925 1500 per
1954 1464 2070 1488 unum

205 1520 345 1550 tantum
373 1508 469 1548 diem
496 1507 649 1547 Aiacem
676 1506 732 1545 ira
760 1505 951 1544 Minervae
977 1505 1112 1555 agitari
1153 1507 1245 1546 756.
1313 1506 1355 1545 ld
1383 1520 1593 1557 quanquam
1621 1520 1644 1546 a
1672 1516 1779 1559 poeta
1807 1508 1964 1560 positum
1992 1525 2071 1550 esse

206 1570 337 1620 video,
370 1583 443 1621 quo
470 1568 624 1620 gravius
650 1566 874 1620 periculum,
912 1567 1009 1617 quod
1039 1567 1143 1606 Aiaci
1170 1567 1341 1616 metat-et,
1378 1567 1444 1612 iis,
1481 1567 1544 1618 qui
1570 1569 1805 1619 spectabant,
1840 1570 2072 1619 describeret,

206 1641 329 1671 tamen
367 1629 487 1681 magis
527 1629 637 1668 etiam
676 1628 774 1666 valet
810 1628 858 1666 ad
897 1627 1182 1667 misericordiam
1219 1629 1457 1679 animumque
1490 1628 1711 1681 placabilem
1744 1630 1893 1669 deorum
1921 1631 2072 1671 demon-

205 1691 413 1732 strandum.
482 1690 628 1731 Deinde
654 1703 741 1728 vero
769 1688 900 1728 Ulixes
927 1688 1035 1727 etiam
1064 1703 1169 1728 suam
1197 1704 1272 1728 rem
1299 1689 1377 1740 agit
1425 1690 1539 1729 1367.
1603 1692 1742 1729 Omnes
1768 1705 1854 1731 suas
1881 1706 1938 1731 res
1972 1693 2073 1732 arbi-

207 1753 277 1792 trio
303 1752 495 1791 Minervae
532 1750 750 1803 permiserat
786 1764 900 1799 seque
936 1758 1049 1787 totum
1087 1750 1134 1788 ad
1163 1750 1242 1789 eius
1275 1759 1400 1788 nutum
1429 1750 1579 1789 dederat
1616 1753 1681 1791 35.
1750 1754 1875 1799 Quare
1905 1754 2073 1793 Minerva

202 1812 382 1868 praemiis
420 1826 503 1850 eum
539 1811 717 1851 affecerat
753 1809 1015 1861 amplissimis:
1066 1823 1168 1849 arma
1204 1810 1364 1850 Achillis
1401 1821 1605 1863 acceperat.
1679 1813 1754 1851 Sed
1792 1813 1928 1852 maiore
1964 1814 2073 1853 etiam

208 1874 331 1927 gratia
369 1888 393 1913 a
421 1872 493 1912 diis
520 1872 574 1925 pii
603 1881 839 1910 exornantur.
906 1870 1078 1910 Efficiunt
1105 1872 1223 1922 enim,
1261 1881 1319 1922 ut,
1356 1886 1379 1911 a
1405 1872 1540 1923 quibus
1567 1872 1751 1922 colantur,
1787 1873 1813 1912 ii
1841 1874 1878 1912 in
1906 1876 2074 1915 omnibus

208 1937 320 1975 rebus
356 1934 452 1973 iuste
488 1943 524 1972 et
562 1940 807 1984 temperanter
844 1944 888 1969 ac
926 1931 1112 1970 moderate
1149 1942 1338 1971 versentur
1375 1947 1468 1972 neve
1503 1933 1595 1971 fines
1622 1947 1686 1972 eos
1712 1935 1908 1984 excedant,
1948 1951 2074 1987 „quos

208 1997 306 2035 ultra
332 1995 496 2045 citraque
522 1993 649 2044 nequit
673 1990 875 2031 consistere
902 1994 1084 2031 rectum.“
1148 1993 1279 2032 Ulixes
1316 1993 1429 2045 igitur
1466 2007 1576 2044 quum
1605 1996 1913 2043 Agamemnonem
1941 1998 1989 2035 ab
2016 1998 2074 2035 in-

209 2056 308 2097 iuria
334 2054 441 2094 Aiaci
469 2063 611 2092 mortuo
637 2052 827 2090 inserenda
854 2052 1124 2104 prohibuisset,
1166 2057 1309 2093 Tenem
1347 2054 1455 2093 etiam
1489 2055 1626 2093 socium
1665 2055 1712 2092 ad
1741 2056 1850 2095 sunus
1875 2057 1978 2095 fratri
2005 2071 2074 2111 ap-

209 2116 419 2170 parandum
446 2128 487 2154 se
513 2113 622 2153 offert
659 2113 777 2153 1376.
842 2116 897 2152 Ita
924 2113 1023 2165 quod
1051 2114 1133 2167 ipsa
1159 2115 1328 2155 Minerva
1355 2115 1502 2155 Ulixem
1530 2115 1791 2155 admonuerat:

1163 2207 1250 2253 τοὺς
1288 2207 1331 2246 δὲ
1357 2206 1560 2258 σώφρονας

706 2272 798 2309 θεοὶ
824 2269 979 2322 φιλοῦσι
1014 2276 1077 2311 καὶ
1103 2274 1278 2322 στυγοῦσι
1303 2270 1393 2319 τοὺς
1416 2271 1557 2318 κακούς

215 2357 311 2404 133,
351 2353 390 2392 in
432 2352 545 2391 Aiace
581 2359 619 2390 et
654 2350 765 2389 Ulixe
801 2360 997 2403 utrumque
1023 2353 1251 2405 apertissime
1276 2353 1498 2401 ostenditur,
1539 2361 1574 2390 et
1610 2365 1634 2389 a
1661 2351 1867 2403 Sophocle,
1907 2353 2004 2404 quod
2041 2353 2075 2393 ei

213 2414 443 2470 prepositum
479 2413 594 2454 fuisse
628 2411 703 2452 iam
736 2426 849 2466 supra
885 2412 1012 2465 attigi,
1054 2414 1325 2468 sapientissime
1359 2413 1407 2454 ad
1446 2413 1554 2454 finem
1588 2411 1801 2466 perductum
1833 2424 1906 2457 cst.
1972 2418 2077 2457 flacc
