2270 2915
917 186 1220 227 ...ff-«-

144 308 359 350 tristissimis
383 308 652 350 calamitatibus
678 322 768 361 gens
795 309 1092 349 Labdacidarum
1124 310 1280 363 periret,
1317 311 1420 350 nullo
1457 309 1565 364 pacto
1589 309 1768 361 'effugere
1803 311 1998 362 quisquam

142 372 273 426 potuit.
334 375 439 412 Haec
471 370 640 424 Oedipus
676 371 940 423 quammultis
967 371 1051 412 aliis
1077 372 1167 413 locis
1203 373 1283 412 267
1307 387 1390 425 sqq.
1427 374 1518 413 517.
1546 375 1747 413 Hermann.
1786 372 1878 412 521.
1905 373 1997 413 537.

141 434 232 485 547,
271 443 346 473 tum
373 446 418 471 ea
445 432 628 480 oratione,
667 446 740 484 qua
771 443 897 473 contra
925 436 1136 483 Creontem,
1176 434 1240 483 qui
1267 434 1419 473 crimina
1454 434 1490 473 ei
1517 433 1729 481 obiecisset,
1768 448 1808 472 se
1833 433 1998 472 defendit
2054 425 2061 430 ”

141 496 219 535 960
244 509 347 545 sqq„
383 493 526 533 civibus
552 493 684 533 Atticis
711 495 933 546 persuadere
959 494 1092 535 studet.
1147 498 1194 535 Et
1222 496 1431 549 persuadet.
1496 498 1590 535 Nam
1617 494 1778 540 animos,
1818 508 1909 546 quos
1947 495 1996 535 ab

140 557 243 596 initio
281 556 318 594 in
347 556 530 608 Oedipum
569 555 754 594 habebant
788 556 970 607 insensos,
1008 557 1201 610 paullatim
1239 557 1292 596 ita
1330 559 1533 604 remittunt,
1574 566 1612 595 ut
1650 556 1808 609 primum
1848 556 1994 604 quidem

140 631 282 656 omnem
316 631 391 655 rem
430 617 577 655 Theseo
615 617 907 656 committendam
943 632 1026 657 esse
1062 628 1232 663 censeant
1268 620 1366 668 295,
1407 619 1558 667 deinde,
1597 617 1846 658 misericordia
1884 618 1994 670 capti,

139 678 320 729 quomodo
355 678 622 718 sanctissimum
663 678 854 717 Furiarum
893 694 1026 718 numen
1067 680 1285 731 placandum
1325 680 1395 730 sit,
1443 679 1559 719 amice
1597 679 1750 718 doceant
1787 678 1863 718 461
1897 692 1995 728 sqq„

139 740 296 790 denique
333 753 481 792 prorsus
519 739 760 789 reconciliati,
811 741 1068 791 profiteantur,
1120 741 1305 792 Oedipum
1343 742 1568 780 innocentem
1606 740 1787 779 hominem
1826 755 1908 779 esse
1958 750 1994 778 et

137 803 291 856 probum
333 800 448 841 1014.
514 803 660 852 ltaque,
708 801 747 839 iu
786 801 893 840 fidem
932 811 1121 854 receptus,
1171 815 1193 840 a
1232 802 1379 841 Theseo
1424 803 1472 841 ab
1512 801 1656 840 iniuriis
1696 800 1867 840 Creontis
1905 815 1992 852 pro-

136 863 293 902 hibetur.
359 865 408 901 Et
443 861 614 913 quoniam
651 862 839 913 Oedipus,
877 872 1070 915 postquam
1108 863 1172 901 diu
1210 864 1411 909 exsulavit,
1450 864 1498 901 ab
1538 862 1826 901 Atheniensibus
1858 862 1898 899 in
1925 875 1994 911 ge-

137 924 234 963 neris
260 922 410 969 hnmani
437 922 644 962 societatem
684 924 870 963 restitutus
904 932 977 974 est,
1017 924 1171 963 eundem
1211 924 1251 963 in
1289 924 1499 964 societatem
1537 922 1821 971 iucunditatum,
1859 922 1993 973 quibus

136 983 209 1037 ipsi
236 985 420 1034 fruantur,
459 983 726 1035 quodammodo
764 998 936 1023 revocare
973 984 1132 1023 student.
1199 985 1446 1023 Amoenitates
1482 985 1578 1022 enim
1617 984 1697 1022 eius
1732 981 1914 1034 regionis,
1953 984 1992 1022 in

137 1059 210 1096 qua
235 1046 402 1083 laborum
430 1058 474 1082 ac
500 1038 727 1083 miseriacum
756 1044 913 1093 quietem
946 1044 1143 1094 invenerit,
1180 1044 1353 1084 laudibus
1380 1044 1536 1083 efferunt
1571 1044 1649 1083 668
1676 1057 1771 1095 sqq„
1810 1043 1992 1082 animum-

138 1120 208 1155 que
245 1105 382 1157 Oedipi
421 1105 684 1153 confirmaturi,
724 1106 836 1143 robur
873 1114 908 1143 et
946 1105 1169 1144 alacritatem
1209 1106 1341 1144 civium
1380 1120 1527 1144 suorum
1567 1105 1799 1157 praedicant,
1839 1119 1991 1154 quorum

136 1166 307 1204 fortitudo
335 1175 435 1204 tanta
463 1166 529 1215 sit,
555 1176 607 1203 'ut
634 1180 738 1211 mox,
776 1166 965 1205 Thebanis
992 1166 1115 1215 victis,
1143 1168 1315 1218 abreptas
1341 1166 1438 1205 filias
1465 1166 1512 1205 ad
1541 1176 1680 1218 patrem
1707 1165 1779 1205 sint
1805 1166 1990 1206 reducturi

137 1227 237 1267 1044
262 1241 344 1277 sqq.
399 1226 473 1265 Sed
501 1225 609 1265 etiam
638 1225 963 1278 illud'Sophocles
990 1226 1258 1279 sapientissime
1284 1226 1453 1274 instituit,
1480 1235 1520 1265 ut
1547 1226 1729 1279 Oedipus,
1756 1240 1864 1277 quem
1890 1227 1990 1266 cives

134 1298 170 1327 et
195 1288 392 1327 necessarii
418 1288 476 1326 sui
503 1287 715 1336 eiecissent,
742 1283 936 1337 antequam
964 1297 1181 1337 moreretur,
1219 1288 1486 1327 amantissimos
1512 1288 1647 1326 liberos
1673 1302 1796 1326 secum
1823 1288 1989 1337 haberet,

133 1360 169 1389 et
206 1348 265 1387 cui
292 1347 375 1387 vivo
414 1348 524 1387 ceteri
551 1348 828 1394 maledicerent,
867 1348 1020 1387 eundem
1049 1357 1229 1387 mortuum
1257 1348 1356 1387 filiae
1384 1348 1483 1387 luctu
1511 1348 1670 1387 maxime
1696 1348 1759 1400 pio
1786 1362 1987 1402 proseque-

133 1421 269 1450 rentur.
328 1414 457 1461 ltaque
484 1424 595 1460 quum
624 1409 810 1460 Antigona
837 1424 858 1448 a
885 1409 1000 1461 patris
1028 1410 1141 1448 latere
1168 1424 1353 1461 nunquam
1382 1409 1628 1460 discessisset,
1665 1410 1782 1449 altera
1817 1410 1913 1460 filia,
1951 1413 1989 1450 1-

132 1485 273 1520 smene,
302 1470 442 1509 Thebis
468 1471 517 1509 ad
545 1480 683 1522 patrem
712 1471 892 1522 prosecta,
921 1485 1015 1520 quae
1043 1471 1155 1509 filiam
1183 1472 1330 1520 decent,
1368 1471 1561 1522 praestitit.
1622 1471 1698 1509 Sed
1725 1471 1852 1509 eadem
1880 1472 1987 1510 affert

131 1533 340 1572 oraculum:
382 1547 454 1584 quo
482 1532 736 1580 admonemur,
776 1541 813 1570 ut
854 1531 969 1570 oratio
1010 1541 1131 1571 nostra
1170 1532 1241 1572 iam
1280 1533 1326 1571 ab
1365 1532 1574 1572 hominibus
1612 1540 1773 1571 transeat
1807 1532 1854 1570 ad
1883 1532 1985 1572 deos.

132 1595 195 1633 Dii
222 1595 334 1645 igitur
362 1594 566 1645 Oedipum,
604 1593 796 1645 patefactis
824 1593 1022 1632 sceleribus
1049 1594 1126 1633 suis
1164 1595 1338 1633 afflictum
1372 1603 1407 1632 et
1433 1602 1672 1646 prostratum,
1710 1608 1782 1632 non
1810 1595 1987 1645 neglexe-

131 1664 226 1702 runt,
254 1655 318 1694 sed
347 1669 457 1705 quum
485 1653 748 1694 sanctissimam
774 1667 880 1693 suam
907 1653 1143 1703 maiestatem,
1171 1669 1266 1706 quae
1292 1655 1429 1694 scelera
1455 1654 1642 1693 hominum
1670 1653 1785 1692 inulta
1806 1668 1885 1693 esse
1911 1669 1982 1693 non

131 1717 287 1768 patitur,
327 1715 598 1764 exhibuissent,
636 1715 747 1754 iidem
774 1725 910 1766 quanta
937 1725 1059 1754 essent
1086 1715 1276 1754 clementia
1304 1725 1339 1754 et
1366 1714 1590 1765 benignitate
1615 1714 1655 1753 in
1682 1728 1765 1764 eos,
1803 1716 1887 1766 qui,
1912 1716 1984 1754 im-

129 1777 321 1827 prudentia
350 1788 385 1814 et
412 1790 534 1814 errore
560 1777 676 1827 lapsi,
716 1786 866 1828 peccata
903 1776 1167 1814 detestarentur
1205 1787 1241 1814 et
1279 1777 1472 1815 emendare
1503 1771 1695 1828 cuperent,
1733 1776 1983 1816 ostenderunt.

130 1836 297 1889 Oedipus
335 1845 454 1875 autem
493 1836 620 1888 poenis
660 1836 754 1874 iusto
792 1835 1022 1885 gravioribus
1060 1835 1297 1888 semetipsum
1336 1845 1485 1889 propter
1521 1845 1675 1888 peccata
1707 1850 1776 1875 sua
1812 1837 1984 1876 affecerat

127 1899 219 1940 439.
286 1898 398 1937 Sedet
437 1907 586 1950 propter
625 1901 744 1936 lovem
784 1895 930 1942 Gratia,
971 1898 1119 1945 Αἰδώς,
1157 1911 1270 1948 quae,
1310 1896 1489 1949 quidquid
1524 1896 1689 1936 homines
1714 1897 1981 1948 commiserunt,

128 1960 306 1997 condonet
346 1960 461 1998 1208.
517 1961 636 1998 Creon
664 1958 831 2009 quidem,
871 1958 929 1996 cui
958 1958 1003 1996 de
1031 1958 1239 2010 pestilentia
1267 1958 1468 1997 consulenti
1493 1958 1630 2009 Apollo
1656 1969 1912 2010 praeceperat,
1941 1969 1979 1998 ut

126 2019 209 2058 Laii
247 2019 512 2057 interfectorem
557 2028 621 2057 aut
657 2019 862 2059 occiderent
908 2028 971 2058 aut
1008 2019 1252 2071 expellerent,
1299 2033 1409 2069 quum
1446 2018 1494 2057 ab
1532 2017 1679 2070 Oedipo
1716 2018 1794 2057 filio
1839 2029 1980 2072 patrem

127 2080 259 2119 Laium
286 2079 512 2118 intersectum
546 2089 581 2117 et
608 2078 749 2129 reliqua
775 2080 917 2130 flagitia
943 2080 1104 2118 admissa
1132 2094 1212 2119 esse
1238 2079 1408 2129 vidisset,
1444 2079 1575 2117 iterum
1613 2079 1701 2118 deos
1738 2081 1978 2120 consulendos

127 2155 207 2180 esse
235 2150 445 2186 censuerat,
482 2140 571 2191 quid
608 2140 754 2192 Oedipo
789 2140 994 2179 faciendum
1022 2149 1117 2178 esset
1157 2143 1239 2180 ΟΒ.
1270 2139 1386 2181 1438.
1439 2140 1515 2179 Sed
1548 2140 1601 2180 dii
1627 2141 1723 2179 bono
1748 2141 1871 2180 animo
1896 2155 1979 2181 esse

127 2200 310 2255 Oedipum
336 2200 532 2240 iusserunt.
588 2203 701 2254 Spem
729 2200 823 2239 enim
851 2201 1032 2249 fecerunt,
1060 2200 1156 2250 sore,
1185 2210 1225 2240 ut
1251 2201 1451 2253 aliquando
1478 2200 1704 2239 miseriarum
1731 2215 1825 2240 onus
1849 2202 1976 2241 suble—

126 2272 290 2313 varetur,
322 2262 387 2301 ubi
413 2262 570 2315 primum
597 2262 635 2300 in
661 2263 782 2302 locum
809 2262 966 2302 venisset
992 2262 1112 2301 Furiis
1140 2273 1411 2303 consecratum:
1452 2262 1532 2302 eius
1558 2262 1612 2301 rei
1639 2277 1679 2302 se
1703 2262 1804 2316 ipsos
1829 2262 1979 2316 signum

126 2325 276 2364 daturos
303 2338 384 2363 esse
408 2324 468 2363 vel
495 2333 612 2363 terrae
639 2333 774 2363 motum
800 2324 872 2363 ‘vel
898 2324 1053 2363 tonitrua
1089 2324 1151 2363 vel
1178 2325 1324 2375 sulgur3
1371 2333 1406 2363 et
1442 2323 1678 2374 addiderunt,
1716 2338 1812 2376 quae
1848 2325 1977 2365 civitas

127 2386 312 2438 Oedipum
339 2395 523 2438 receptum
551 2386 645 2425 iusto
672 2386 800 2425 funere
826 2386 1026 2432 affecisset,
1065 2385 1100 2425 ei
1125 2380 1303 2427 id'saluti
1331 2386 1407 2426 sore
1430 2385 1501 2426 ’84
1527 2401 1608 2438 sqq.
1663 2388 1750 2434 Qua
1785 2401 1852 2440 spe
1887 2401 1975 2426 con-

1577 2491 1599 2530 5
