2270 2915
1027 141 1329 184 ...24-

250 266 401 320 generi·
425 265 726 308 Labdacidarnm
747 266 866 318 laesi,
890 275 966 308 tum
994 280 1082 306 vero
1106 267 1190 307 luce
1215 265 1351 307 clarius
1376 265 1609 318 intelligitur,
1634 266 1673 306 in
1700 266 1841 308 nnllam
1867 266 2111 308 calamitatem

250 344 327 371 nen
352 330 540 370 incurrere
563 342 650 380 eos,
685 327 770 380 qui,
805 343 917 381 quum
944 328 1083 382 optima
1109 340 1328 381 sequantur,
1364 337 1484 369 tamen
1519 327 1577 370 ira
1612 342 1657 369 ae
1682 328 1885 383 cupiditate
1921 344 1963 370 se
1989 328 2112 384 abripi

251 391 441 445 patiantur
464 405 599 443 neque,
625 404 722 442 quae
747 391 913 440 obstent,
937 400 1003 430 aut
1028 399 1207 441 quaerant
1231 399 1295 429 aut
1321 399 1460 430 curent.
1514 392 1634 431 Creon
1661 391 1789 442 legum
1815 404 1859 430 ac
1885 390 2112 443 reipublicae

250 452 506 493 morinum
532 450 718 491 defendit:
756 451 945 502 Antigona
977 460 1138 491 mortuos
1162 450 1293 492 violari
1320 465 1392 491 non
1419 451 1520 491 vultz
1560 453 1704 493 meno
1730 451 1866 501 amori,
1901 465 1974 503 qua
2002 451 2111 491 Anti-

250 528 388 565 gonam
415 512 724 565 amplectebatur,
759 511 854 554 nihil
885 527 961 553 ,non
987 512 1222 552 tribuendum
1258 522 1378 562 ratus,
1414 525 1556 552 omnem
1582 525 1708 553 eanum
1735 513 1901 554 fortunae
1928 526 2002 551 una
2029 526 2110 551 cum

248 575 439 626 Antigona
464 572 591 614 subire
615 582 767 626 paratus
792 582 869 614 est:
914 572 1097 627 Eurydice
1122 573 1190 613 filii
1218 583 1331 613 nater
1355 572 1699 621 amantissima„est.
1754 572 1849 622 Quis
1875 572 2109 620 dubitaverit,

251 636 343 688 quin
369 636 419 676 ad
444 649 556 674 unum
583 649 711 674 ornnes
736 649 811 674 rem
838 644 1039 686 sequantur
1064 635 1259 674 admodum
1285 635 1539 673 laudabilem?
1595 634 1672 674 Sed
1701 650 1806 674 suum
1835 634 1992 686 quisque
2018 635 2109 686 agit,

251 696 408 750 reliquis
432 696 633 748 neglectis:
671 710 762 737 suae
789 694 852 735 uni
879 695 933 736 rei
959 696 1108 747 intenti,
1145 696 1251 748 quasi
1287 696 1461 736 caecitate
1488 695 1645 747 quadam
1674 696 1897 748 praestricti,
1934 696 1981 736 ad
2008 710 2109 736 sum-

250 772 351 798 mum
387 757 568 806 omnium,
587 771 708 797 rerum
745 757 940 797 discrimen
977 758 1041 796 ubi
1078 767 1352 810 processerunt,
1387 756 1600 796 temeritatis
1636 767 1746 807 atque
1781 757 2109 796 inconsiderantiae

248 834 393 874 poenas
415 818 633 872 persolvunt
670 819 748 858 615
775 833 857 870 sqq.
920 821 953 858 A
992 819 1238 859 moderatione
1265 819 1361 858 enim
1397 828 1434 858 et
1459 818 1720 871 temperantia,
1757 832 1831 870 qua
1866 817 1904 858 in
1940 818 2109 858 omnibus

253 882 369 922 rebus
395 880 450 920 uti
475 880 587 930 longe
614 879 790 932 optimum
818 889 886 929 est,
913 880 1025 919 alieni
1052 890 1158 929 sunt3
1198 880 1354 933 pietate,
1379 880 1586 932 impietate,
1613 879 1688 926 ira,
1715 879 1822 930 odio,
1848 893 1973 919 amore
1998 893 2108 932 prae-

250 942 381 995 cipites
416 949 595 991 aguntur,
631 939 683 977 ita
730 948 769 978 ut
806 939 971 985 Chorus,
1008 941 1115 979 cuius
1149 940 1189 978 in
1225 940 1425 991 tragoediis
1450 940 1669 991 Sophocleis
1705 940 1797 978 haec
1823 940 1916 979 ratio
1943 949 2018 989 est,
2055 949 2108 989 ut,

247 1016 360 1054 qnam
387 1015 514 1040 omnes
540 1013 683 1048 rerum,
720 1012 815 1049 quae
853 1008 1048 1050 geruntur,
1085 1000 1191 1051 quasi
1226 1000 1397 1040 fluctibus
1432 1000 1652 1052 quibusdam
1678 999 1877 1046 iactentur,
1912 1000 1993 1052 ipse
2019 1014 2108 1040 con-

248 1061 422 1103 stantia-
448 1068 571 1100 teneat
596 1073 641 1097 ac
667 1059 951 1098 moderationem
979 1060 1165 1110 animique
1191 1061 1490 1110 tranquillitatem
1517 1080 1568 1089 -—
1596 1061 1742 1099 Chorus
1767 1061 1880 1109 igitur
1889 1086 1903 1108 ,
1936 1061 2001 1099 ubi
2027 1063 2106 1099 An-

248 1122 413 1174 tigonam
438 1119 525 1160 duci
551 1118 764 1173 conspexit,
791 1128 954 1170 veretur,
987 1134 1034 1159 ne
1061 1120 1109 1159 ad
1135 1119 1374 1159 temeritatem
1402 1120 1628 1172 propellatur
1654 1119 1763 1160 etiam
1789 1120 1893 1173 ipse:

738 1203 811 1241 νῦν
834 1200 876 1240 δ’
906 1202 974 1254 ἤδη
1000 1201 1068 1251 'rui
1095 1200 1234 1248 καύτὸς
1260 1202 1434 1252 θεσμῶν.

739 1263 812 1310 ἔξω
837 1266 1005 1315 φέρομαι
1030 1261 1122 1302 τάδ’
1148 1262 1251 1313 ὁρῶν
1289 1262 1381 1302 801.

244 1360 450 1411 Multisque
486 1358 580 1398 locis
616 1357 713 1399 illud
748 1358 984 1408 admonetur,
1020 1358 1115 1397 nihil
1152 1358 1278 1397 utilius
1305 1372 1386 1398 esse
1418 1358 1613 1411 prudentia
1639 1372 1683 1399 ac
1709 1358 1974 1408 moderatione,
2011 1358 2105 1398 nihil

244 1420 410 1460 inutilius
448 1419 651 1460 temeritate
688 1429 798 1471 atque
834 1419 1095 1471 imprudentia.
1160 1419 1219 1457 Ad
1259 1420 1496 1458 temeritatem
1533 1429 1654 1458 autem
1691 1434 1816 1458 omnes
1850 1421 2106 1472 propelluntur

243 1483 321 1522 irat
354 1480 459 1519 cuius
486 1479 543 1519 vis
569 1480 608 1519 in
637 1481 748 1519 rebus
775 1480 915 1533 Oedipi
941 1480 1095 1530 eiusque
1120 1480 1332 1528 liberorum,
1360 1480 1489 1530 quales
1515 1493 1538 1518 a
1565 1479 1750 1532 Sophocle
1777 1480 1981 1532 descriptae
2007 1490 2103 1532 sunt,

243 1544 356 1596 plane
382 1550 438 1581 est
464 1540 601 1582 fatalis.
655 1544 714 1580 tra
740 1541 928 1594 Oedipum
955 1540 1139 1594 perditum
1165 1555 1266 1590 esse,
1293 1554 1404 1591 quum
1432 1539 1506 1579 iam
1533 1554 1646 1592 supra
1672 1541 1853 1588 diximus,
1880 1545 2102 1582 tum-Creon

179 1644 182 1647 Δ
244 1603 431 1655 Oedipum
457 1602 629 1641 admonet
657 1604 739 1641 OC.
766 1602 859 1642 85⁵.
914 1605 972 1641 lra
999 1610 1198 1640 commotus
1226 1604 1344 1640 Creon
1373 1601 1559 1653 Oedipum
1587 1602 1736 1640 deorum
1762 1611 1799 1640 et
1826 1602 2102 1643 Atheniensium

242 1664 448 1718 supplicem
475 1661 614 1701 violare
641 1669 794 1700 conatur
832 1664 914 1702 OC.
942 1661 1033 1701 954.
1088 1664 1147 1701 lra
1174 1660 1383 1713 Polynicen
1411 1661 1459 1701 ad
1486 1661 1623 1700 bellum
1651 1662 1753 1700 fratri
1780 1661 2008 1701 inserendum
2034 1664 2102 1703 sti-

242 1725 358 1767 mulat
397 1726 480 1764 OG.
510 1722 626 1762 1421).
688 1724 749 1761 Ira
776 1731 991 1762 commotum
1020 1724 1213 1761 Creontem
1240 1733 1313 1760 tam
1341 1721 1479 1761 duriter
1504 1722 1542 1760 in
1569 1722 1778 1775 Polynicem
1806 1732 1985 1762 mortuum
2012 1738 2101 1763 con-

242 1785 418 1831 suluisse,
443 1783 726 1835 explicavimus.
778 1785 839 1822 Ira
865 1782 1025 1833 denique
1051 1783 1236 1833 Antigona
1264 1782 1384 1834 periit,
1413 1783 1560 1834 qualem
1587 1783 1786 1834 ingenitam
1814 1798 1836 1823 a
1864 1794 1967 1837 patre
1994 1799 2100 1824 acce-

242 1847 298 1900 pit
324 1849 412 1886 Ant.
438 1845 531 1885 471.
559 1844 651 1883 875.
679 1844 772 1883 929.
826 1843 902 1882 Sed
928 1857 1040 1894 quum
1068 1857 1193 1882 omnes
1221 1844 1306 1896 plus
1333 1844 1513 1892 audeant,
1544 1858 1653 1895 quam
1681 1845 1809 1893 liceat,
1847 1858 1921 1882 una
1947 1848 2100 1895 lsrnene,

242 1907 452 1960 Antigonae
477 1919 604 1952 soror,
638 1904 836 1958 prudenter
868 1913 905 1944 et
930 1903 1116 1944 moderate
1143 1904 1267 1944 facere
1291 1904 1453 1954 videtur,
1489 1904 1587 1956 quod
1616 1919 1733 1956 neque
1761 1905 1951 1944 consilium
1978 1906 2099 1947 fratris

241 1966 450 2021 sepeliendi
486 1966 639 2006 adiuvat
673 1975 710 2005 et
745 1979 928 2014 sororem,
964 1974 1004 2004 ut
1034 1965 1215 2005 sententia
1241 1965 1414 2014 desistat,
1449 1965 1674 2004 adhortatur.
1729 1968 1864 2005 Contra
1893 1970 2097 2013 Creontem,

241 2042 357 2082 penes
382 2040 491 2079 quem
518 2024 678 2066 omnium
704 2038 825 2064 rerum
852 2025 1042 2064 arbitrium
1069 2034 1104 2064 et
1133 2034 1294 2077 potestas
1319 2024 1389 2074 sit,
1417 2035 1455 2064 ut
1480 2025 1520 2064 in
1547 2034 1728 2065 certamen
1755 2026 1970 2076 descendat,
1997 2042 2097 2067 com-

241 2088 379 2131 moveri
414 2102 489 2127 non
524 2094 645 2139 potest
682 2085 736 2127 44
761 2101 844 2137 sqq.
909 2088 1017 2135 Quae
1053 2085 1223 2138 quamvis
1256 2086 1424 2126 videatur
1459 2087 1658 2139 prudenter
1693 2086 1833 2137 facere,
1873 2097 1994 2129 tamen
2030 2104 2097 2129 nec

241 2149 363 2191 officio
396 2146 501 2189 fratri
536 2155 677 2188 mortuo
713 2146 936 2199 praestando
970 2146 1148 2187 satisfacit
1183 2146 1376 2200 ipsamque
1410 2156 1540 2201 postea
1575 2146 1691 2187 semri
1727 2161 1799 2187 non
1826 2148 1977 2188 affuisse
2002 2150 2095 2189 adeo

240 2210 423 2263 poenitet,
459 2217 521 2261 ut,
554 2208 618 2248 ubi
645 2207 871 2259 Antigonam
908 2223 932 2248 a
956 2208 1170 2249 custodibus
1197 2208 1497 2260 comprehensam
1533 2217 1571 2247 et
1605 2208 1653 2247 ad
1680 2211 1873 2248 Creontem
1899 2209 2095 2250 adductam

241 2274 325 2311 esse
358 2269 549 2321 cognovit,
586 2268 634 2308 ad
670 2283 711 2323 se
746 2282 894 2319 quoque
929 2268 1074 2308 facinus
1100 2267 1283 2321 pertinere
1308 2269 1532 2322 persuadere
1556 2269 1703 2308 studeat
1736 2277 1880 2307 etcum
1906 2270 2094 2321 Antigona

241 2340 393 2383 nortem
420 2338 614 2382 oppetere,
651 2341 761 2379 quam
788 2342 870 2369 eum
898 2331 1058 2368 Creonte
1084 2329 1122 2367 in
1150 2329 1245 2368 vivis
1270 2345 1353 2386 esse
1379 2330 1483 2371 malit
1520 2331 1598 2369 526
1624 2343 1706 2380 sqq.
1759 2331 1881 2368 Ferox
1905 2329 2093 2383 ingenium

241 2391 464 2444 Antigonam
489 2389 539 2430 ad
556 2387 722 2432 Creontis
747 2386 943 2442 imperium
969 2389 1230 2441 negligendum
1257 2390 1434 2438 sunnin
1461 2389 1683 2431 imbecillum
1709 2403 1754 2430 ac
1780 2389 1902 2431 debile
1928 2394 2092 2432 lumenae
