2270 2915
971 148 1278 189 ...23-

193 287 311 326 esset)
347 272 713 331 exiguampulveris
739 273 955 328 particulam
982 273 1151 314 cadaveri
1176 271 1361 327 Polynicis
1386 271 1555 313 iniectam
1582 287 1675 324 esse,
1701 281 1813 326 atque
1839 273 1984 315 Chorus
2010 272 2048 313 id

194 341 341 393 quidem
369 339 605 380 sibi-factum
630 336 747 376 videri
774 336 927 377 dixisset
963 350 1036 376 nou
1062 337 1141 376 sine
1167 336 1294 387 aliqua
1320 336 1471 375 deorum
1497 350 1604 385 cura,
1643 349 1749 384 quam
1775 335 1967 389 impotenti
1992 336 2049 375 ira

194 402 316 442 subito
343 398 578 441 exardescit?
627 407 666 437 ut
692 398 800 438 facile
826 398 1079 450 intelligatur,
1114 412 1197 437 eum
1234 412 1305 437 non
1338 406 1412 436 tam
1440 397 1666 450 reipublicae
1691 397 1801 436 saluti
1836 406 1876 435 ut
1901 396 2050 450 prospi-

194 473 310 509 ceret,
347 474 458 512 quam
493 458 646 498 immani
680 458 727 497 in·
757 458 968 511 Polynicem
1004 458 1090 497 odio
1127 467 1273 509 captum
1311 459 1458 497 crudele
1489 459 1583 497 illud
1609 458 1767 497 edictum
1794 457 1935 497 civibus
1960 472 2048 510 pro-

193 522 400 571 nuntiasse,
427 534 474 559 ne
502 519 584 569 quis
611 518 758 571 pietatis
783 532 872 569 erga
898 519 1109 572 Polynicem
1136 519 1294 557 officium
1321 520 1452 559 obiret.
1504 522 1560 557 Ac
1585 528 1724 557 tantum
1750 518 1876 567 abest,
1902 527 1941 556 ut
1968 519 2049 569 pie-

194 593 269 624 tate
295 597 383 635 erga
410 591 574 622 mortuos
610 580 682 620 vel·
697 578 900 620 reverentia
933 579 1083 621 deorum
1111 579 1367 620 immortalium
1404 589 1618 620 commotum
1646 594 1747 630 esse,
1783 579 1847 629 qui
1883 578 2048 633 Polynici

193 645 382 698 pulverem
419 641 603 691 iniecerit,
639 641 678 679 in
713 649 869 678 mentem
906 640 941 678 ei
977 642 1119 690 veniat,
1156 651 1196 679 ut
1231 642 1457 692 suspicetur,
1493 641 1714 693 turpissimis
1749 641 1953 679 rationibus
1979 641 2049 678 ad·

194 706 322 744 ductos
358 704 588 758 pecuniaque
624 703 672 741 ab
708 700 865 740 inimicis
901 711 1092 755 corruptos
1127 701 1229 755 ipsos
1265 702 1453 752 custodes,
1490 717 1581 753 quos
1618 700 1784 755 Polynici
1810 709 2047 754 apposuerat,

192 766 343 815 fecisse,
371 775 410 805 ut
436 773 617 804 mortuum
644 762 842 814 sepelirent
875 763 954 802 278
979 778 1061 814 sqq.
1113 766 1242 812 Neque
1268 763 1363 802 enim
1391 771 1535 815 reputat
1561 776 1703 808 secum,
1723 771 1866 813 quauta
1891 762 2047 801 facultas

192 827 402 866 hominibus
427 824 516 864 insit
541 824 590 862 ad
616 823 779 861 maxima
805 836 973 874 quaeque
998 823 1212 871 ellicienda3
1260 838 1370 874 quam
1407 825 1617 862 facultatem
1654 823 1818 872 Chorus,
1854 832 2048 874 postquam

194 890 314 928 Creon
351 886 461 933 abiit,
499 885 658 925 carmine
692 884 820 924 laudat
855 884 1167 937 praestantissimo
1203 886 1281 924 332
1306 899 1389 936 sqq.
1443 883 1543 932 Quid
1578 883 1754 936 quaeris?
1808 884 1978 938 Superbe
2002 897 2048 923 ac

193 948 388 987 crudeliter
425 950 544 986 Creon
580 961 620 985 se
656 945 770 996 gerit,
808 959 876 983 nec
911 946 1062 984 multum
1099 946 1221 994 abest,
1259 945 1347 995 quin
1373 954 1548 996 tyrannus
1583 946 1631 984 sit
1656 945 1875 985 teterrimus.
1929 945 2047 985 Cuius

193 1008 291 1047 dicta
317 1007 462 1046 Chorus
489 1015 553 1046 aut
579 1007 730 1058 probat,
765 1012 960 1057 propterea
994 1004 1090 1056 quod
1118 1003 1266 1044 Creonti
1301 1011 1460 1056 potestas
1486 1003 1534 1043 sit
1560 1003 1741 1054 faciundi,
1777 1005 1875 1056 quod
1901 1005 2046 1045 libitum

195 1068 243 1107 sit
268 1069 366 1116 213,
403 1077 468 1105 aut
493 1066 544 1104 ita
572 1066 723 1117 probat,
750 1074 791 1102 ut
817 1064 944 1113 etiam,
971 1079 1066 1115 quae
1092 1074 1216 1104 contra
1243 1064 1426 1110 dicantur,
1453 1065 1637 1103 audienda
1664 1079 1746 1104 esse
1772 1075 1920 1105 censeat
1955 1066 2048 1107 ⁷24.

194 1128 271 1167 Sed
308 1142 353 1166 ne
379 1126 482 1165 audit
508 1124 675 1177 quidem,
713 1139 808 1177 quae
845 1125 943 1164 cives
979 1125 1137 1164 sentiant
1173 1124 1342 1164 dicantve
1378 1126 1456 1164 688
1481 1139 1583 1175 sqq„
1622 1139 1760 1177 neque,
1798 1140 1894 1177 quae
1928 1126 2046 1173 audit,

193 1189 289 1227 ferre
315 1196 435 1240 potest
460 1187 539 1225 726
565 1200 671 1237 sqq-3
707 1187 888 1238 postulat,
916 1195 956 1224 ut
981 1184 1052 1224 sibi
1079 1185 1283 1235 obediatur,
1309 1185 1388 1224 sive
1413 1186 1549 1225 iustum
1573 1186 1826 1238 imperaverit,
1851 1187 1931 1225 sive
1956 1201 2047 1226 con-

194 1248 347 1288 trarium
373 1248 465 1287 667.
493 1247 595 1295 734;
637 1259 748 1298 aegre
774 1246 862 1295 fert,
889 1246 988 1297 quod
1014 1244 1112 1285 cives
1137 1245 1265 1297 iugum
1290 1247 1415 1285 subire
1440 1247 1576 1297 nolint,
1602 1247 1700 1298 quod
1725 1247 1807 1300 ipse
1832 1247 2048 1301 imposuerit

193 1311 292 1361 290,
326 1308 494 1357 adeoque
519 1322 562 1348 se
591 1322 703 1347 unum
731 1320 812 1346 esse
838 1306 1024 1346 dominum
1050 1306 1184 1346 civium
1209 1306 1339 1357 iactat,
1365 1316 1406 1347 ut
1431 1308 1681 1348 admonendus
1706 1307 1775 1348 sit:

562 1393 677 1438 πόλις
701 1391 775 1442 γὰρ
802 1389 871 1430 οὔκ
896 1390 986 1431 ἔσθ’
1012 1393 1090 1444 ἥτις
1117 1390 1258 1442 ἀνδρός
1283 1391 1373 1431 ἐσθ’
1400 1392 1487 1440 ἑνός
1524 1394 1616 1434 737.

192 1491 230 1527 Is
256 1486 369 1537 igitur
395 1487 515 1526 Creon
551 1483 616 1523 ubi
652 1483 701 1523 ab
736 1482 922 1534 Antigona
957 1483 1104 1522 fratrem
1141 1483 1327 1523 humatum
1364 1498 1444 1524 esse
1480 1483 1672 1536 comperit,
1708 1498 1819 1536 quum
1856 1497 1949 1524 ausa
1983 1484 2045 1535 sit,

193 1547 276 1587 iura
302 1547 452 1586 deorum
479 1544 556 1585 suis
582 1543 729 1595 legibus
755 1544 943 1596 praeferre
967 1544 1048 1584 450
1072 1558 1154 1595 sqq.
1163 1572 1175 1594 ,
1202 1544 1333 1597 capitis
1360 1545 1587 1595 condemnat,
1614 1545 1795 1616 quamvis·
1807 1545 1943 1585 sororis
1967 1546 2047 1585 tilis

194 1609 241 1648 sit
268 1617 304 1646 et
330 1606 498 1647 omnibus
524 1604 755 1657 propinquis.
782 1619 934 1656 quorum
962 1605 1188 1657 praesidium
1216 1606 1381 1659 luppiter
1406 1606 1531 1655 habet,
1556 1605 1665 1645 etiam
1685 1605 1927 1658 propinquior
1950 1606 2109 1647 486..

195 1667 341 1707 Deinde
368 1667 416 1705 ab
442 1669 631 1704 Haemone
657 1664 893 1716 imploratus,
925 1673 966 1703 ut
992 1679 1151 1717 sponsae
1175 1665 1245 1704 filii
1271 1675 1375 1718 pater
1400 1674 1585 1718 parceret,
1610 1680 1723 1717 quum
1748 1665 1796 1705 ad
1823 1666 2043 1705 obstinatum

194 1728 310 1781 patris
337 1726 499 1765 animum
526 1725 743 1765 vincendum
769 1728 913 1764 Haemo
939 1725 1090 1765 fortiora
1115 1726 1228 1765 verba
1253 1726 1495 1776 adhibuisset,
1522 1725 1744 1777 Antigonam
1769 1725 1905 1765 adduci
1929 1726 2044 1776 iubet,

193 1798 234 1828 ut
259 1788 298 1827 in
324 1794 519 1839 conspectu
545 1786 615 1824 filii
640 1785 796 1825 amantis
821 1794 943 1824 amata
968 1785 1206 1824 interficiatur
1244 1788 1333 1827 760.
1395 1787 1567 1836 Denique
1601 1800 1626 1826 a
1653 1785 1800 1826 Tiresia
1824 1786 2044 1837 admonitus,

195 1858 236 1889 ut
261 1847 472 1901 Polynicem
498 1845 688 1898 sepeliret,
727 1859 774 1884 ne
799 1858 887 1885 aves
913 1858 1096 1897 canesque
1121 1846 1204 1885 loca
1229 1860 1334 1886 sacra
1360 1848 1666 1887 commacularent
1689 1847 1804 1887 illatis
1829 1848 1956 1888 frustis
1981 1862 2045 1888 ca-

195 1908 340 1948 daveris
365 1906 565 1955 inhumati,
592 1919 633 1945 se
658 1919 682 1945 a
707 1907 875 1958 sepulcro
901 1905 1099 1945 arciturum
1126 1919 1207 1945 esse
1233 1908 1444 1960 Polynicen
1470 1908 1646 1956 minatur,
1682 1907 1825 1947 etiamsi
1850 1909 1899 1948 ad
1924 1909 2043 1960 ipsam

196 1968 290 2009 lovis
312 1968 437 2007 sedem
464 1966 656 2005 coelestem
683 1966 831 2018 aquilae
857 1966 1093 2006 dilaceratum
1120 1966 1278 2006 cadaver
1302 1975 1561 2020 apportaturae
1585 1967 1659 2007 sint
1690 1966 1807 2009 1040.
1859 1968 1921 2007 Ad
1946 1968 2043 2008 banc

195 2029 406 2083 superbiam
432 2041 543 2079 quum
569 2026 825 2079 processisset,
860 2029 989 2080 lapsus
1016 2037 1084 2068 est.
1148 2029 1251 2075 Quos
1287 2028 1381 2067 enim
1418 2028 1633 2068 crudelitate
1667 2043 1737 2068 sua
1772 2042 1817 2068 ac
1841 2028 2043 2082 pertinacia

196 2091 415 2138 adduxerat,
442 2087 663 2138 Antigonam
690 2095 727 2126 et
751 2089 996 2136 Haemon-em,
1022 2096 1075 2136 ut,
1103 2088 1212 2127 rebus
1238 2088 1315 2128 suis
1341 2088 1559 2142 desperatis,
1584 2102 1733 2129 manum
1757 2089 1830 2129 sibi
1855 2090 2041 2140 inferrent,

198 2152 245 2191 ab
280 2150 339 2189 bis
374 2149 466 2201 ipsis
501 2149 583 2201 ipse
618 2149 657 2187 in
693 2147 852 2187 omnium
888 2161 1035 2187 suarum
1071 2161 1191 2187 rerum
1227 2149 1427 2201 perniciem
1453 2164 1498 2190 ac
1523 2150 1812 2202 desperationem
1838 2160 2041 2203 prostratus

198 2221 265 2252 est.
329 2210 447 2249 Multo
482 2207 660 2260 potiorem
695 2209 918 2260 Antigonam
954 2208 1082 2247 habuit
1117 2211 1280 2258 Haemo,
1317 2224 1427 2261 quam
1460 2218 1668 2262 parentem,
1703 2209 1743 2249 iu
1768 2224 1840 2262 quo
1866 2211 2042 2263 pietaten

197 2272 290 2312 adeo
317 2268 501 2321 neglexit,
537 2276 596 2318 ut,
632 2267 705 2307 sibi
730 2281 877 2308 manum
903 2268 1093 2317 illaturus,
1130 2267 1307 2322 impetum
1333 2271 1494 2310 facturus
1519 2284 1603 2310 esse
1626 2270 1666 2309 in
1691 2279 1830 2323 patrem
1856 2270 2043 2311 videretur

198 2334 313 2373 1232.
368 2328 568 2370 Haemonis
594 2337 707 2368 morte
733 2330 897 2380 cognita,
934 2340 1047 2370 mater
1072 2329 1190 2370 dolori
1216 2331 1419 2372 succubuit.
1480 2333 1524 2370 ln
1559 2331 1619 2372 bis
1643 2331 1752 2371 tantis
1777 2331 1896 2372 ruinis
1927 2347 2039 2385 quu-

199 2392 251 2431 dii
276 2390 498 2432 immortales
524 2388 777 2439 ostenderunt,
811 2399 951 2440 quauta
983 2399 1078 2431 esset
1111 2390 1169 2431 vis
1205 2405 1250 2432 ac
1284 2391 1454 2432 maiestas
1478 2392 1638 2433 numinis
1662 2391 1722 2433 sui
1752 2393 1802 2432 ab
1828 2392 2041 2434 auctoribus
