2270 2915
1028 164 1303 208 ...8,-

223 306 249 333 a
272 300 388 333 matre
413 290 643 333 commissam
668 305 781 344 aegre
807 291 900 331 serat
925 298 962 330 et
987 289 1084 344 ipsa,
1111 298 1233 332 tamen
1259 300 1302 332 ut
1326 291 1439 333 vitam
1464 292 1665 343 tranquille
1690 299 1727 332 et
1752 292 1940 333 commode
1961 292 2086 346 degat,

223 354 442 408 prudentiae
468 352 612 393 ratione
632 352 764 404 ducta,
802 352 912 393 facile
937 352 1045 392 matri
1070 360 1108 392 et
1133 352 1315 405 Aegistho
1341 368 1383 394 se
1407 354 1589 394 submittit
1614 367 1784 405 quaeque
1808 352 2003 407 imperant,
2029 356 2088 394 sa-

223 416 286 455 cit.
351 417 400 454 Et
426 413 642 454 adhortatur
665 415 870 463 Electram,
909 423 952 454 ut
976 413 1086 453 etiam
1112 413 1215 467 ipsa,
1255 414 1406 456 dimisso
1440 415 1565 455 inutili
1595 415 1740 465 dolore,
1779 429 1861 454 cum
1898 425 2013 457 matre
2048 417 2088 457 iu

221 474 380 529 gratiam
406 484 473 516 aut
498 475 623 515 redeat
648 484 712 515 aut
737 475 867 515 saltem
893 489 935 516 se
959 473 1080 516 redire
1105 474 1272 527 simulet,
1308 490 1357 516 ne
1382 476 1604 525 maioribus,
1632 490 1741 527 quam
1768 475 1903 526 quibus
1927 477 2001 516 iam
2028 478 2087 517 af-

222 537 394 589 fligatur,
434 536 709 576 difficultatibus
744 536 957 590 implicetur
1006 536 1086 576 328
1111 550 1196 586 sqq·
1263 540 1385 578 Mater
1419 552 1507 579 vero
1544 539 1655 578 etiam
1684 546 1783 577 recte
1809 538 1968 577 occisum
1995 553 2019 578 a
2045 553 2086 579 se

223 613 306 638 esse
332 601 642 649 Agamemnonem
669 597 870 648 gloriatur,
911 597 994 648 qui,
1033 606 1074 636 ut
1109 597 1261 638 Graecis
1298 599 1449 639 Troiam
1484 598 1702 652 profecturis
1727 598 1823 638 viam
1849 599 2086 652 patefaceret,

221 659 338 699 filiam
364 673 468 699 suam
494 656 567 696 diis
592 656 850 699 immolaverit.
905 659 981 699 Sed
1008 659 1056 697 ab
1083 659 1232 698 Electra
1257 659 1435 710 refutata,
1471 660 1567 700 hanc
1594 674 1741 700 causam
1777 660 1971 713 praetendi
1998 660 2087 699 libi-

222 721 319 767 dini,
348 735 421 770 qua
446 728 626 760 commota
651 720 820 761 maritum
846 720 1039 769 occiderit,
1074 728 1115 759 ut
1141 734 1224 759 cum
1251 719 1419 760 adultero
1448 730 1566 773 esset,
1601 722 1656 761 ira
1682 721 1879 768 concitata,
1916 720 2087 772 minatur,

219 781 463 832 Aegisthum,
503 781 536 821 si
568 781 722 821 'domum
756 781 917 833 venerit,
955 782 1060 821 illam
1095 781 1335 821 coerciturum
1373 797 1457 823 esse
1493 793 1530 822 et
1577 783 1624 823 ad
1661 783 1819 823 officium
1854 782 2085 822 redacturum

219 844 299 884 ⁵16
325 857 409 893 sqq.
463 846 554 889 lam,
581 853 622 881 ut
648 851 685 882 et
710 842 886 896 superbia
900 843 1214 897 Clytaemnestrae
1241 844 1401 883 maxima
1427 853 1621 898 appareat,
1648 853 1686 884 et
1708 846 1854 884 Electra
1880 853 1954 883 tota
1982 858 2086 883 moe-

220 920 305 946 rore
331 919 399 945 suo
437 904 602 944 confecta
626 904 765 954 iaceat,
804 904 953 944 nuntius
979 905 1106 954 affert,
1147 907 1317 945 Orestem
1357 920 1440 945 esse
1477 914 1673 947 mortuum.
1741 906 1863 947 Credo
1903 905 2087 956 equidem,

222 966 405 1007 neminem
442 979 590 1015 eorum,
627 964 692 1016 qui
719 979 795 1004 rem
826 965 865 1004 in
893 979 1003 1004 scena
1029 975 1241 1018 praesentes
1267 966 1501 1019 spectabant,
1540 965 1677 1013 fuisse,
1716 966 1805 1018 quin
1832 981 1914 1005 cum
1940 967 2087 1006 Electra

219 1028 343 1077 fleret,
371 1035 553 1078 gemeret,
587 1025 811 1077 desperaret.
865 1027 913 1064 Et
939 1040 1051 1077 quum
1079 1026 1358 1079 Chrysothemis
1380 1027 1536 1066 inferias
1561 1027 1601 1066 in
1626 1028 1797 1079 sepulcro
1823 1027 1939 1079 patris
1965 1027 2086 1080 impo-

220 1089 311 1129 sitas
337 1087 537 1127 invenisset
569 1095 606 1125 et
631 1088 680 1126 ab
708 1090 839 1127 Oreste
865 1087 977 1127 fratre
1003 1101 1067 1126 eas
1092 1086 1395 1140 impositas‘esse
1418 1087 1617 1141 ipsumque
1643 1087 1767 1127 vivum
1793 1088 1924 1127 adesse
1950 1096 1987 1126 et
2012 1088 2085 1127 sibi

219 1148 464 1204 persuasisset
490 1156 528 1187 et
551 1147 723 1188 Electrae
747 1148 972 1202 persuadere
997 1148 1129 1196 vellet,
1168 1148 1351 1188 neminem
1379 1158 1469 1203 puto
1495 1148 1628 1195 fuisse,
1666 1148 1750 1201 qui,
1777 1162 1891 1201 quum
1916 1151 2085 1188 Orestem

219 1211 343 1250 vivere
372 1219 408 1249 et
434 1209 567 1248 adesse
591 1208 674 1261 ipse
699 1208 775 1257 iam
801 1210 972 1260 vidisset,
1010 1219 1132 1249 tamen
1170 1225 1244 1249 non
1271 1210 1394 1263 potius
1420 1211 1582 1263 ploranti
1609 1211 1778 1250 Electrae
1802 1211 1933 1259 vellet,
1972 1224 2083 1261 quam

216 1272 296 1313 suis
323 1271 441 1312 oculis
469 1269 632 1311 credere.
703 1272 805 1319 Quot
830 1286 917 1312 vero
943 1280 980 1312 et
1005 1280 1162 1323 quantos
1187 1280 1435 1325 spectatorum
1459 1271 1569 1311 fietus
1595 1270 1684 1311 fletu
1710 1285 1777 1311 suo
1804 1271 1986 1311 Electram
2013 1284 2082 1310 ex-

219 1334 352 1375 citasse
378 1342 508 1387 putas,
547 1346 659 1384 quum
687 1332 769 1386 ipsa
796 1347 944 1381 urnam,
984 1347 1094 1386 quam
1122 1333 1187 1385 qui
1219 1334 1442 1383 afferebant,
1481 1332 1624 1373 Orestis
1651 1332 1783 1372 mortui
1810 1332 1967 1371 cinerem
1995 1347 2084 1372 con-

219 1396 338 1436 tinere
367 1395 612 1445 simulabant,
649 1395 841 1448 amplexa,
879 1394 1111 1434 immaturam
1138 1394 1262 1434 fratris
1289 1394 1520 1434 dilectissimi
1556 1402 1710 1433 mortem
1737 1393 1928 1433 verissimo
1956 1394 2083 1433 dolore

219 1458 413 1511 ploraret?
464 1465 603 1509 quanta
639 1456 774 1496 deinde
807 1470 933 1496 omnes
969 1455 1111 1495 laetitia
1149 1456 1375 1506 exsultasse,
1414 1469 1525 1507 quum
1561 1454 1660 1493 idem
1697 1455 1800 1508 ipse,
1839 1454 1903 1506 qni
1941 1454 2084 1494 Orestis

216 1519 350 1559 mortui
377 1518 555 1570 reliquias
582 1518 749 1558 attulisse
776 1517 983 1568 videbatur,
1010 1517 1117 1557 vivus
1144 1517 1348 1569 vidensque
1377 1519 1526 1556 Orestes
1553 1530 1635 1556 esse
1662 1516 1910 1569 reperiretur?
1965 1515 2083 1567 Equi-

220 1580 302 1619 dem
330 1579 500 1631 quotiens
533 1578 795 1632 hanc-partem
833 1579 1004 1618 Electrae
1031 1579 1263 1631 Sophocleae
1288 1579 1392 1630 lego,
1431 1579 1552 1618 facere
1577 1592 1651 1618 uon
1678 1592 1848 1631 possum,
1886 1577 1974 1629 quin
2001 1591 2083 1616 cum

217 1643 365 1682 Electra
391 1641 514 1691 fleam,
541 1640 699 1694 primum
726 1640 867 1686 dolore,
895 1638 1029 1679 deinde
1054 1639 1197 1679 laetitia
1223 1649 1438 1681 commotus.

324 1755 380 1792 lta
407 1760 517 1806 poeta
543 1763 708 1791 summus
745 1756 824 1788 arte
861 1762 928 1787 sua
966 1746 1096 1798 efficit,
1134 1755 1175 1786 ut
1209 1746 1371 1787 omnium
1406 1745 1519 1786 animi
1557 1745 1768 1799 exasperati
1803 1745 1876 1785 sint
1914 1746 1952 1785 in
1992 1747 2082 1800 Cly-

218 1823 476 1855 taemnestram
503 1820 539 1850 et
566 1810 784 1860 Aegisthum
821 1809 870 1848 ab
896 1809 1017 1860 iisque
1054 1823 1122 1861 pro
1147 1808 1299 1859 flagitiis
1325 1809 1481 1861 turpiter
1508 1817 1543 1847 et
1569 1808 1768 1847 insolenter
1793 1807 1965 1847 admissis
1991 1823 2082 1860 poe-

217 1890 307 1926 nas,
334 1888 427 1927 quas
454 1870 573 1912 meriti
600 1871 694 1917 sint,
731 1869 849 1921 repeti
875 1883 984 1920 quam
1011 1869 1172 1907 maxime
1198 1869 1348 1921 cupiant
1375 1879 1485 1919 atque
1512 1872 1679 1908 Orestem
1708 1868 1854 1907 tandem
1881 1868 2081 1919 aliquando

218 1937 350 1978 adesse
376 1947 608 1987 summopere
634 1931 836 1983 gaudeant.
901 1930 1035 1980 Adest,
1074 1938 1115 1968 ut
1150 1938 1301 1968 matrem
1329 1930 1497 1969 trucidet.
1561 1929 1622 1968 Ad
1648 1928 1753 1968 cuius
1778 1928 1832 1967 rei
1858 1929 2081 1968 atrocitatem

217 1997 427 2039 leniendam
465 1993 670 2048 Sophocles
708 1995 877 2032 Orestem
905 1990 993 2031 facit
1029 1991 1077 2031 ad
1106 1991 1224 2045 patris
1250 1990 1399 2030 caed'em
1426 1990 1672 2031 ulciscendam
1699 1991 1747 2030 ab
1773 1989 1867 2044 ipsis
1894 1989 1965 2029 diis
1991 1989 2081 2029 mis-

217 2075 313 2102 sum.
376 2059 525 2098 Electra
561 2055 693 2106 igitur,
731 2054 843 2093 fratre
881 2062 918 2092 et
951 2053 1092 2107 Pylade
1129 2053 1276 2091 domum
1304 2052 1524 2093 intrantibus
1550 2052 1599 2092 ad
1625 2053 1955 2105 Clytaemnestram
1982 2051 2079 2090 occi-

217 2122 390 2169 dendam,
418 2120 467 2160 ab
497 2116 672 2171 Apolline
698 2124 840 2169 petens,
866 2124 905 2154 nt
932 2129 995 2155 eos
1022 2114 1190 2161 adiuvet,
1216 2114 1286 2154 hoc
1312 2114 1437 2155 addit:

710 2192 777 2228 καὶ
803 2188 931 2235 δεῖξον
958 2186 1208 2238 ἆνθρώποισι
1234 2186 1438 2238 τάπιτίμια

706 2252 773 2302 τῆς
808 2249 1025 2299 δυςσεβείας
1062 2249 1126 2287 οἶα
1165 2248 1377 2299 δωροῦνται
1403 2251 1497 2287 θεοί

215 2324 335 2369 1382.
389 2325 510 2375 Atque
537 2334 605 2375 per
630 2327 742 2359 totam
768 2319 934 2359 fabulam
960 2318 1051 2357 haec
1076 2316 1256 2357 sententia
1283 2317 1419 2358 diffusa
1444 2326 1519 2367 est,
1543 2317 1626 2358 fieri
1657 2329 1731 2356 non
1763 2329 1894 2368 posse,
1920 2316 2009 2368 quin
2036 2316 2078 2362 ii,

216 2386 281 2439 ¹qui
317 2384 459 2426 scelera
495 2379 741 2423 commiserint
776 2378 926 2434 gravia,
970 2393 1103 2433 graves
1148 2393 1289 2433 poenas
1325 2379 1398 2419 diis
1432 2378 1650 2435 rependant.
1716 2376 1860 2417 Chorus
1895 2378 2078 2417 Electram

217 2447 424 2493 consolatur
434 2460 447 2487 ι
