2270 2915
960 151 1263 195 ...18-

181 282 366 327 firmatus,
394 280 475 332 ipse
503 292 544 318 se
570 279 676 329 ἱερὸν
703 287 738 317 et
766 278 901 330 εὗσεβῆ
932 281 1057 326 vocat,
1084 276 1154 316 hoc
1181 286 1251 323 est,
1281 277 1429 316 deornm
1456 278 1593 317 tutelae
1620 277 1908 319 commendatum
1948 281 2040 322 287.

183 343 290 391 Quae
319 356 428 392 quum
455 339 510 379 ita
538 351 678 385 essent,
716 339 887 377 Thebani
920 339 1036 377 nihilo
1064 339 1184 378 secius
1211 338 1395 390 Oedipum
1417 339 1542 390 patria
1570 339 1847 378 exterminatum
1877 342 2045 382 omnibns

182 403 373 444 laboribus
401 402 525 441 exsilii
553 415 596 440 ae
622 400 796 453 periculis
824 399 1047 439 obiecerunt.
1111 402 1237 439 Altero
1270 400 1384 450 igitur
1410 399 1559 438 oraculo
1597 413 1619 439 a
1646 400 1719 439 diis
1745 400 1922 440 admoniti
1949 413 2046 453 sunt,

182 467 343 505 futurum
373 478 472 513 esse,
510 473 549 501 ut
577 461 758 501 desiderio
787 461 925 514 Oedipi
953 470 1188 513 caperentur,
1225 461 1262 500 in
1301 475 1373 510 quo
1411 475 1483 500 uno
1521 460 1683 513 ipsorum
1710 462 1813 501 salus
1839 463 1910 502 sita
1936 474 2045 503 esset.

182 531 265 567 Hac
292 542 332 564 re
359 524 541 572 commoti,
571 523 741 561 Thebani
769 523 807 561 id
836 532 1001 572 egerunt,
1030 533 1068 561 ut
1084 523 1284 574 Oedipum,
1312 522 1358 561 ad
1386 522 1477 562 fines
1503 538 1590 562 suos
1617 532 1825 573 retractum,
1853 534 1889 563 et
1915 525 1953 564 in
1980 538 2047 564 sun

184 598 364 642 potestate
402 585 580 626 haberent
617 593 670 634 et,
711 584 809 635 quod
848 584 957 622 rebus
993 583 1214 636 turpissimis
1250 583 1534 623 commaculatus
1572 594 1686 634 esset,
1724 584 1772 623 ab
1811 599 1877 623 usu
1907 586 2048 638 patriae

183 652 267 703 ipso
295 649 545 701 prohiberent.
602 646 711 692 Quod
750 645 901 696 impium
938 646 1131 683 consilium
1161 660 1231 683 non
1259 647 1501 696 perfecerunt.
1556 649 1649 684 Nam
1679 661 1789 696 quum
1817 648 1865 685 ab
1892 650 2047 694 Ismene,

185 726 279 763 quae
307 708 447 748 Thebis
475 715 700 756 gererentur,
729 706 825 758 patri
854 706 1033 745 Colonum
1063 707 1175 744 allata
1203 715 1335 755 essent,
1365 715 1399 744 et
1427 706 1499 757 ipsi
1518 706 1664 758 Oedipo
1692 707 1876 746 exsulanti
1904 708 2047 747 animus

185 772 335 812 additus
362 778 416 808 est
441 769 532 806 623.
562 768 659 815 792,
696 777 731 805 et
759 767 1002 805 Athenienses
1030 768 1147 817 magis
1175 767 1283 805 etiam
1311 767 1449 805 incitati
1478 777 1561 805 sunt
1586 769 1633 805 ad
1661 782 1783 806 senem
1811 768 2049 807 miserrimum

186 831 437 885 recipiendum
466 843 509 867 ac
537 828 819 867 defendendum.
873 828 1062 867 videbant
1090 828 1199 875 enim,
1228 838 1399 880 quantam
1428 828 1508 867 eius
1536 842 1657 867 curam
1686 827 1738 867 dii
1758 828 1829 881 ipsi
1859 828 2047 869 haberent.

188 896 308 942 Quem
347 905 458 943 quum
498 899 605 928 antea
643 889 910 942 perdidissent,
948 889 1021 926 iam
1059 899 1268 927 recrearunt
1304 903 1347 926 ac
1383 890 1587 927 refecerunt
1625 890 1715 928 394.
1748 891 1860 929 1565.
1913 893 1960 929 Et
1986 890 2048 941 qui

187 955 292 993 vivus
321 947 439 991 suerat
467 951 575 989 homo
603 965 754 1001 prorsus
781 949 980 998 singularis
1008 958 1044 988 et
1069 949 1174 989 novis
1201 949 1278 989 suis
1304 958 1414 1001 atque
1440 949 1615 989 inauditis
1643 950 1866 990 facinoribus
1889 951 2049 991 omnium

188 1015 330 1055 animos
366 1027 475 1064 quam
514 1010 673 1049 maxime
710 1024 732 1049 a
769 1025 810 1049 se
846 1010 1140 1058 abalienaverat,
1177 1011 1332 1049 eundem
1371 1011 1581 1049 morientem
1618 1020 1716 1050 tanta
1754 1025 1840 1050 cura
1877 1021 2050 1063 tantaque

189 1074 446 1117 benevolentia
475 1071 527 1109 dii
559 1071 724 1123 amplexi
751 1079 855 1119 sunt,
893 1080 931 1108 ut
959 1070 1065 1121 quasi
1101 1079 1266 1108 sanctum
1305 1071 1486 1121 quendam
1525 1085 1569 1109 ac
1604 1085 1747 1110 sacrum
1777 1072 1940 1111 homines
1967 1087 2050 1111 eum

188 1139 361 1178 colerent.
417 1137 513 1173 Nam
542 1132 639 1182 quod
667 1131 749 1184 ipse
776 1132 964 1184 Oedipus,
1002 1146 1113 1181 quum
1142 1130 1391 1182 cognovisset,
1429 1132 1466 1170 in
1506 1141 1679 1183 quantam
1712 1133 1890 1171 scelerum
1917 1133 2050 1172 atroci·

189 1209 299 1238 tatem
328 1206 363 1235 et
390 1193 653 1246 turpitudinem
680 1192 895 1245 imprudens
922 1192 1129 1241 incidisset,
1157 1202 1432 1243 praesenserat,
1459 1207 1499 1232 se
1525 1207 1646 1243 neque
1674 1194 1799 1232 morbo
1827 1208 1947 1245 neque
1974 1195 2051 1234 ulla

189 1258 265 1299 alia
291 1256 455 1303 ratione,
492 1268 564 1304 qua
593 1253 759 1291 homines
787 1253 925 1301 solent,
963 1253 1121 1291 deletum
1149 1252 1195 1290 iri
1240 1256 1322 1291 ΟΒ.
1355 1253 1473 1299 1455,
1513 1253 1552 1291 id
1591 1253 1642 1291 dii
1670 1254 1881 1293 effecerunt.
1950 1258 2051 1295 Con-

189 1327 356 1370 sumptus
383 1325 438 1355 est
475 1323 590 1353 morte
625 1328 722 1352 nova
758 1323 794 1352 et
831 1313 1011 1352 inaudita.
1077 1313 1177 1360 Quid
1217 1313 1360 1352 multa?
1408 1323 1601 1365 postquam
1639 1313 1806 1367 punitum
1843 1324 1916 1365 est,
1954 1317 2052 1367 quod

191 1377 417 1433 puniendum
446 1385 542 1424 erat,
580 1375 748 1427 Oedipus
784 1389 855 1412 non
883 1375 1001 1413 solum
1030 1374 1067 1413 in
1096 1374 1245 1413 deorum
1273 1374 1428 1425 gratiam
1457 1375 1584 1421 rediit,
1619 1375 1684 1413 sed
1722 1375 1769 1413 ad
1806 1375 1908 1428 ipsos
1944 1377 2051 1416 etiam

192 1442 281 1481 deos
310 1437 415 1479 abiit.
471 1439 578 1486 Quae
606 1451 717 1489 quum
745 1436 797 1474 ita
824 1436 910 1482 sint,
939 1450 1005 1475 suo
1032 1435 1112 1474 iure
1140 1435 1301 1485 Chorus,
1329 1434 1570 1485 discessurus,
1598 1436 1829 1488 pronuntiat:

686 1521 842 1565 πάντως
866 1519 940 1570 γὰρ
967 1518 1043 1569 ἔχει
1070 1518 1162 1557 τάδε
1188 1521 1315 1570 κῦρος,

192 1604 290 1658 quod
318 1617 390 1642 non
418 1599 538 1651 magis
566 1599 613 1637 ad
642 1598 890 1651 praesidium,
929 1598 1137 1649 Antigonae
1174 1608 1209 1637 et
1235 1601 1402 1637 lsmenae
1437 1613 1460 1638 a
1487 1599 1633 1639 Theseo
1670 1600 1908 1653 promissum,
1945 1613 2054 1651 quam

191 1667 240 1706 ad
268 1679 411 1704 omnem
439 1662 616 1701 rationem
645 1660 874 1699 referendum
902 1669 976 1709 est,
1014 1674 1087 1711 qua
1123 1659 1306 1710 ingentem
1346 1660 1519 1699 fluctuum
1557 1660 1651 1710 vim,
1688 1674 1762 1713 qua
1796 1660 1963 1713 Oedipus
1991 1660 2055 1699 diu

193 1741 237 1767 ac
263 1724 426 1778 graviter
452 1722 609 1769 iactatus
636 1731 746 1766 esset,
774 1720 933 1771 denique
960 1720 1197 1772 compositam
1226 1735 1307 1759 esse
1335 1721 1539 1773 Sophocles
1565 1721 1685 1762 finxit.
1739 1725 1781 1760 ln
1807 1735 1880 1772 qua
1907 1721 2053 1772 quidem

193 1787 334 1828 ratione
372 1783 594 1837 explicanda
642 1792 779 1821 tantam
817 1782 970 1820 deorum
1007 1781 1258 1831 clementiam,
1306 1782 1615 1833 benevolentiam,
1659 1797 1780 1822 rerum
1815 1782 2054 1821 humanarum

192 1845 462 1903 providentiam
491 1858 572 1883 esse
599 1843 704 1882 docet
732 1843 978 1896 pietatemque
1005 1856 1093 1893 erga
1122 1843 1211 1882 deos
1238 1853 1482 1896 parentesque
1508 1853 1544 1882 et
1571 1844 1820 1893 sermonibus,
1859 1843 1921 1895 qui
1948 1844 2054 1883 insti-

192 1917 356 1958 tuuntur,
393 1915 428 1945 et
455 1905 584 1954 rebus,
622 1918 717 1955 quae
743 1913 932 1954 geruntur,
967 1913 1157 1955 tantopere
1184 1905 1431 1954 commendat,
1458 1916 1498 1943 ut
1527 1905 1585 1943 vel
1612 1920 1658 1943 ex
1686 1905 1756 1944 hoc
1782 1919 1855 1944 uno
1883 1905 2054 1954 carmine,

194 1969 416 2023 Sophoclem
446 1967 628 2006 hominem
657 1965 770 2005 fuisse
797 1965 935 2019 pietate
962 1964 1122 2004 maxime
1149 1964 1347 2017 insignem,
1371 1965 1481 2005 facile
1508 1965 1708 2018 intelligas.

300 2049 376 2089 Sed
404 2058 526 2087 tamen
557 2047 595 2086 in
624 2047 693 2086 hac
720 2047 910 2097 tragoedia
937 2046 1031 2085 inest
1068 2046 1191 2085 nescio
1228 2046 1315 2098 quid
1343 2047 1473 2086 durum
1512 2057 1550 2086 et
1576 2062 1747 2100 asperum
1785 2056 1821 2086 et
1847 2047 1945 2098 quod
1972 2048 2053 2087 ani·

195 2126 293 2151 mum
321 2108 532 2149 christianis
559 2107 766 2160 praeceptis
798 2108 976 2147 imbutum
1014 2116 1050 2146 et
1076 2107 1280 2158 mitigatum
1307 2108 1445 2148 laedat.
1508 2111 1601 2147 Nam
1640 2123 1751 2160 quum
1781 2108 1948 2160 Oedipus
1974 2109 2055 2162 ipse

195 2174 243 2214 sit
267 2172 396 2225 inops,
433 2171 481 2210 ab
510 2168 680 2209 omnibus
707 2168 899 2209 destitutus
927 2183 970 2208 ac
997 2168 1213 2219 derelictus,
1250 2183 1436 2220 quumque
1472 2168 1620 2208 deorum
1658 2169 1920 2220 hominumque
1946 2170 2055 2209 auxi-

195 2234 286 2273 lium
312 2232 395 2284 ipse
421 2231 611 2283 imploret,
649 2240 706 2280 ut,
743 2230 992 2269 misericordia
1019 2230 1206 2280 commoti,
1243 2244 1285 2269 se
1322 2230 1361 2269 in
1400 2230 1554 2280 gratiam
1574 2237 1775 2284 'receptum
1809 2239 1978 2270 tueantur
2013 2245 2056 2271 ac

197 2293 418 2333 defendant:
469 2291 552 2344 quis
589 2292 699 2341 seret,
746 2292 842 2330 hunc
880 2291 1000 2344 ipsum
1037 2291 1224 2343 Oedipum
1261 2291 1310 2330 ab
1346 2292 1445 2331 omni
1482 2292 1730 2331 misericordia
1767 2290 1926 2330 alienum
1962 2306 2054 2342 esse,

198 2355 310 2404 adeo,
352 2364 391 2392 ut
427 2368 493 2392 nec
530 2353 695 2406 patriae,
736 2367 803 2391 nec
836 2351 1006 2400 Creonti,
1046 2366 1113 2391 nec
1140 2367 1226 2391 vero
1252 2352 1330 2391 filio
1357 2352 1439 2405 ipse
1464 2368 1530 2393 suo
1558 2352 1763 2393 obsecranti
1790 2352 2055 2406 obtestantique

198 2415 342 2456 veniam
380 2415 460 2465 det,
498 2415 562 2454 sed
600 2413 817 2454 tristissimis
855 2427 981 2452 omnes
1018 2413 1202 2453 ominibus
1239 2412 1426 2453 dimittat?
1481 2415 1576 2463 Quis
1602 2424 1676 2461 est,
1714 2414 1802 2467 quin
1834 2414 1993 2455 animum
2019 2425 2056 2455 et
