2270 2915
925 189 1228 232 ...34-

148 327 275 353 eorum
313 313 658 367 imprudentisque,
704 322 781 353 tum
820 312 965 353 animus
1010 313 1060 353 ad
1100 311 1280 365 quidlibet
1314 313 1525 353 tentandum
1563 321 1753 367 promptus
1798 326 1836 356 et
1869 316 2005 368 audax,

147 375 257 426 quasi
283 388 402 426 penes
427 375 532 427 ipsos
558 388 739 414 summum
766 373 926 413 omnium
953 386 1076 413 rernm
1102 372 1290 413 arbitrium
1316 372 1382 423 sit,
1419 388 1493 425 quo
1520 375 1576 413 ira
1612 385 1648 413 et
1672 375 1852 427 cupiditas
1889 391 1932 415 ac
1957 379 2006 417 ti-

148 435 239 473 hido
267 433 387 487 rapit,
415 443 556 473 temere
582 442 798 485 sequuntur.
852 437 908 473 lta
933 434 993 483 fit,
1028 442 1070 472 ut
1095 433 1202 486 quasi
1226 433 1424 472 certamina
1444 431 1628 485 'quaedam
1657 445 1890 489 conserantur
1912 436 2007 476 inter

146 494 402 535 auctoritatem
430 495 580 535 deorum
619 494 881 547 hominumque
906 494 1169 535 temeritatum
1211 493 1275 547 qni
1301 493 1365 533 nbi
1392 493 1454 534 din
1492 503 1529 534 et
1554 495 1707 535 multum
1732 496 1897 536 reluctati
1922 509 2007 539 sunt

146 556 185 595 in
213 557 423 608 multasque
450 570 495 595 ac
521 556 639 595 salsas
665 570 751 608 spes
777 564 973 603 venerunt,
1010 555 1170 608 denique
1196 564 1260 595 aut
1286 555 1480 595 concidunt
1505 565 1541 595 et
1566 569 1696 596 manus
1723 556 1830 607 dant,
1866 566 1947 608 aut,
1973 557 2006 597 si

146 617 237 669 quid
264 617 390 670 adepti
417 617 521 670 sunt1‚
557 617 713 670 adeptos
749 631 790 657 se
816 631 898 657 esse
934 631 1008 657 non
1036 617 1114 658 suis
1139 616 1280 657 viribus
1305 626 1368 656 aut
1393 617 1553 665 artibus,
1590 618 1656 657 sed
1684 618 1831 657 deorum
1857 619 2006 658 immor-

147 678 277 717 talium
305 677 460 718 consilio
494 686 531 716 et
563 677 813 717 moderatione
851 678 1080 718 confitentur.
1132 677 1367 717 Descendunt
1392 687 1512 717 autem
1539 679 1578 717 in
1605 678 1784 720 eiusmodi
1810 679 2007 719 certamina

147 739 314 779 homines
351 748 417 779 aut
443 738 557 778 nimio
584 739 707 778 studio
734 739 877 789 gloriae
912 748 1024 791 atque
1050 739 1199 779 honoris
1226 738 1343 786 ducti,
1383 748 1423 779 ut
1448 740 1567 791 Aiax,
1604 749 1668 780 aut
1693 740 1749 780 ira
1783 753 1827 780 ac
1852 740 2006 780 libidine

147 799 384 849 inflammati,
410 808 452 839 nt
478 800 785 853 Clytaemnestra,
812 809 876 839 aut
903 813 1025 839 errore
1052 799 1210 851 quodam
1237 800 1394 853 decepti,
1421 800 1569 840 levitate
1595 800 1708 840 animi
1734 800 1890 853 abrepti,
1916 813 2005 839 con-

147 859 319 906 fidentia,
356 859 517 907 ferocia,
553 861 780 900 contumacia
816 860 977 910 incitati,
1014 860 1148 911 quibus
1174 860 1320 911 quidem
1347 862 1456 901 rebus
1492 870 1567 900 tota
1594 861 1888 901 Labdacidarum
1914 875 2005 912 gens

148 933 278 959 eversa
305 928 381 969 est,
419 929 484 959 aut
509 920 642 959 ardore
667 921 826 971 quodam
853 920 988 960 amoris
1015 920 1174 969 incensi,
1201 929 1241 958 ut
1266 922 1446 960 Hercules
1472 931 1509 960 et
1534 922 1732 968 Deianira,
1759 931 1823 961 aut
1848 921 2005 972 denique

148 979 349 1019 calliditate
375 989 411 1019 et
438 979 574 1032 quibus
599 981 709 1019 malis
735 981 875 1019 artibus
902 980 999 1019 alius
1025 979 1140 1019 alium
1165 980 1447 1020 circumventum
1474 995 1606 1035 capere
1626 982 1760 1031 studet,
1787 981 1921 1033 quibus
1948 981 2006 1021 usi

147 1041 279 1080 Ulixes
307 1040 346 1079 et
370 1040 633 1092 Neoptolemus
659 1039 913 1089 Philoctetam,
940 1054 1053 1090 quum
1080 1054 1312 1092 summopere
1338 1042 1536 1088 studerent,
1564 1051 1684 1081 tamen
1711 1057 1784 1081 non
1810 1043 2004 1083 flexerunt.

148 1101 218 1140 His
252 1101 291 1139 in
327 1101 437 1139 rebus
474 1099 706 1152 explicandis
743 1099 860 1138 omnis
896 1112 957 1137 ars
993 1097 1204 1150 Sophoclea
1239 1108 1418 1140 versatur.
1483 1102 1586 1148 Quas
1612 1101 1855 1140 Athenienses
1892 1116 2004 1153 quum

146 1175 268 1200 coram
294 1160 334 1200 in
360 1173 472 1200 scena
499 1160 579 1211 geri
606 1168 817 1212 praesentes
842 1159 1026 1208 viderent,
1052 1159 1173 1198 facere
1199 1174 1272 1199 non
1299 1169 1486 1211 poterant,
1514 1161 1602 1212 quin
1629 1161 1700 1201 sibi
1728 1162 2003 1214 persuaderent,

147 1221 243 1260 nihil
268 1219 389 1271 magis
415 1219 628 1259 hominibus
654 1219 858 1259 cavendum
884 1233 986 1268 esse,
1023 1232 1134 1270 quam
1170 1233 1217 1257 ne
1253 1233 1325 1270 quo
1361 1221 1530 1271 graviore
1556 1231 1655 1261 motu
1683 1236 1784 1261 mens
1811 1223 2004 1274 perturba-

146 1289 264 1327 retur,
301 1279 396 1318 nihil
430 1279 552 1330 magis
589 1279 830 1325 studendum,
868 1293 979 1330 quam
1015 1287 1055 1317 ut
1089 1279 1128 1317 in
1165 1280 1275 1318 rebus
1301 1281 1470 1320 omnibus
1496 1282 1794 1333 tranquillitatem
1821 1282 1933 1321 animi
1960 1296 2003 1321 ac

147 1340 407 1390 constantiam,
434 1339 649 1379 modestiam
676 1354 720 1380 ac
746 1339 1024 1393 temperantiam
1051 1349 1255 1381 tuerentur.
1309 1344 1351 1380 in
1377 1341 1493 1383 altero
1520 1356 1661 1383 summa
1688 1341 1759 1383 sita
1785 1351 1840 1382 est
1865 1342 2005 1391 virtus;

146 1402 187 1441 in
213 1402 328 1442 altero
354 1414 536 1440 summum
563 1409 674 1454 atque
701 1414 813 1439 unum
840 1410 1045 1454 peccatum.

664 1720 853 1771 Corrige
895 1733 934 1772 p.
960 1718 1026 1760 24.
1054 1720 1081 1759 l.
1110 1719 1149 1759 4.
1177 1733 1275 1770 quo.

852 1962 1298 2014 w
