2270 2915
158 296 265 349 apud
286 304 426 338 veteres
457 293 584 348 opi-io
608 299 707 343 erat,
741 294 872 337 Fatum
897 305 979 334 esse
1003 292 1127 335 nescio
1163 291 1264 345 quod
1289 292 1393 335 triste
1428 306 1472 333 sc
1497 305 1699 343 monson,
1732 306 1809 345 qno
1842 293 1917 346 ipsi
1951 292 2007 333 dii

157 357 351 398 inferiores
392 364 514 395 essent
553 353 686 403 cuique
720 353 1023 406 sbtmpersrest.
1088 354 1158 395 Cui
1193 354 1339 404 vulgari
1374 354 1539 407 opinio-i
1574 353 1684 396 etiam
1719 354 1849 394 Cicero
1884 363 2006 395 oram

159 434 270 469 quum
296 416 441 466 aliquid
466 415 647 456 interdum
673 414 912 457 tribue-‹lum-
930 424 1114 466 emeret,
1148 415 1242 458 haec
1268 415 1307 456 in
1333 415 1496 457 oratione
1522 413 1741 456 emiliani·
1766 418 1831 456 111.
1857 415 2005 469 posuit:

156 477 406 530 „haruspices
444 498 493 507 —
532 499 581 507 -
618 476 765 529 imperii
800 490 968 518 occasum
1005 477 1303 530 appropinquare
1339 478 1526 527 dixerunt,
1562 476 1647 520 {nisi
1695 476 1749 516 dii
1784 477 2004 517 immortales

157 540 254 582 amm·
290 538 432 579 ratione
467 537 603 591 placati
639 552 706 578 suo
742 537 889 577 numine
926 552 1066 591 prope
1102 539 1196 579 scta
1231 538 1332 591 ipsa
1367 538 1649 579 flexissent.“
1713 537 1791 577 Sed
1826 552 1899 577 non
1936 538 2005 577 snit

157 601 250 640 haec
276 600 454 640 sententia
481 599 666 638 hominu-m
702 598 910 647 doctorum,
945 614 1065 649 neque
1101 599 1227 639 dubito
1266 609 1450 652 repetere,
1487 599 1585 648 quod
1622 607 1707 639 ante
1741 600 1810 638 hos
1849 609 2005 648 quatuor

156 675 271 701 annos
307 661 345 699 in
383 658 695 710 Theologumenis
733 658 950 711 Sophocleis
988 660 1088 707 dixi,
1136 663 1284 710 Fatum,
1328 660 1426 709 quod
1464 669 1610 712 praeter
1646 668 1712 699 aut
1747 660 1843 700 adeo
1879 669 2005 700 contra

158 722 309 761 deorum
336 721 593 761 immortalium
629 720 851 759 voluntatem
888 722 999 761 rebus
1033 731 1237 774 praeesset,
1275 722 1370 759 inter
1405 730 1606 759 commenta
1641 721 1887 772 ablegandum
1922 735 2003 760 esse

154 796 273 832 neque
300 782 415 821 ullum
443 782 564 820 locum
597 780 698 833 apud
725 780 944 832 Sophoclem
970 782 1107 821 habere
1132 796 1255 835 posse.
1318 781 1521 834 Sophocles
1547 780 1662 831 enim,
1698 790 1809 833 poeta
1844 781 2003 821 maxime

154 842 257 896 pius,
295 857 406 893 quum
432 842 522 883 deos
548 855 691 892 omnes,
729 849 805 882 tum
830 855 917 882 vero
943 845 1083 894 lovem,
1122 857 1300 883 summum
1326 843 1496 893 deorum,
1533 842 1672 892 ubique
1697 843 1808 881 rebus
1833 841 2004 881 humanis

154 904 404 955 gubernandis
431 917 603 955 praeesse
628 903 755 945 voluit.
821 905 931 951 Quod
960 919 1070 954 quum
1097 920 1144 944 ex
1172 920 1217 944 en
1242 905 1401 951 ratione,
1441 919 1550 954 quam
1575 904 1614 943 in
1641 918 1787 953 qusque
1813 903 2003 955 tragoedia

153 964 364 1004 adornanda
389 973 536 1004 secutus
564 972 638 1013 est,
665 963 747 1002 luce
772 963 907 1003 clarius
933 965 1163 1015 intelligitur,
1188 974 1265 1003 tum
1291 974 1344 1003 tot
1368 965 1460 1004 locis
1484 964 1642 1014 singulis
1666 965 1856 1017 probetur,
1882 973 1943 1010 ut,
1969 964 2003 1003 si

154 1038 279 1062 ornnes
306 1025 569 1071 adscriberem,
606 1024 698 1061 fines
734 1023 845 1062 huius
871 1024 1078 1076 scriptionis
1116 1025 1226 1074 longe
1253 1024 1480 1063 excederem.
1546 1027 1667 1063 Unum
1692 1026 1856 1064 afferam.
1918 1025 2002 1064 Fati

153 1084 249 1122 enim
274 1084 346 1121 vim
373 1097 458 1122 num
486 1083 579 1121 sorte
604 1082 907 1120 vehementiorem
933 1094 1092 1131 unquam
1120 1084 1296 1122 exsistere
1322 1084 1485 1135 potuisse
1505 1092 1627 1135 putas,
1655 1097 1764 1132 quam
1789 1083 1829 1122 in
1849 1084 2003 1123 Labda-

153 1143 246 1182 cidis
273 1142 440 1181 exstitit?
496 1144 660 1189 Quorum
697 1142 842 1180 domum
880 1142 945 1180 ubi
982 1143 1139 1194 primum
1175 1144 1375 1192 concussit,
1410 1143 1637 1182 calamitates
1672 1156 1696 1182 a
1732 1143 2001 1183 calamitatibus

153 1203 448 1256 excipiebantur,
475 1216 595 1251 neque
622 1202 724 1241 salus
750 1202 865 1241 allata
889 1211 946 1241 est
971 1210 1036 1241 sut
1059 1203 1144 1242 finis
1168 1203 1307 1250 sactus,
1339 1203 1454 1242 donec
1480 1217 1606 1243 omncs
1630 1203 1802 1256 prostrati
1827 1203 2002 1245 iacerent.

154 1264 282 1314 Quod„
299 1263 503 1315 Sophocles
539 1262 603 1301 ubi
629 1262 845 1313 gravissimo
872 1261 1032 1302 carm'uie
1058 1262 1263 1315 deploravit
1297 1266 1385 1305 Ant.
1410 1264 1489 1303 582
1513 1277 1617 1315 sqq„
1651 1263 1802 1303 mnis
1826 1263 2001 1303 laudibus

151 1338 330 1365 sumnam
354 1324 452 1364 lovis
477 1322 676 1377 potentiam
702 1323 828 1364 effert:
907 1359 910 1361 ,

517 1422 628 1467 τεάν,
655 1422 749 1467 Ζεῦ,
775 1421 939 1461 δύνασιν
964 1424 1019 1468 τίς
1041 1420 1196 1472 ἀνδρῶν
1222 1421 1440 1473 ὑπερβασία
1465 1422 1677 1472 κατάσχοι,“

516 1481 588 1522 τὰν
615 1480 707 1520 οὔθ’
735 1482 859 1527 ὕπνος
884 1481 987 1532 αἱρεῖ
1008 1482 1111 1525 ποθ’
1144 1483 1166 1521 ὅ
1192 1483 1457 1535 παντογὴρως,

516 1541 707 1591 ἀκάματοι
733 1545 841 1581 θεῶν
866 1541 913 1581 οὗ

513 1603 640 1652 μῆνες·
676 1601 805 1654 ἀγήρῳ
831 1602 875 1640 δὲ
900 1602 1024 1655 χρόνῳ
1049 1604 1239 1649 δυνάστας

518 1665 683 1710 κατέχεις
705 1661 902 1711 Ὀλύμπου
926 1665 1228 1713 μαρμαρόεσσαν
1255 1666 1407 1710 αἴγλαν.

150 1763 247 1810 Quid
285 1762 447 1810 efferret,
484 1763 516 1800 si
554 1762 647 1799 nihil
683 1771 778 1800 esset
814 1762 997 1813 luppiter,
1039 1764 1110 1801 nisi
1146 1764 1304 1814 armiger
1340 1764 1489 1814 quidam
1524 1772 1560 1801 et
1591 1762 1739 1802 satelles
1766 1762 1878 1802 Fati?
1934 1763 1997 1802 Dii

149 1822 261 1872 igitur
286 1822 508 1860 immortales
536 1830 571 1859 et
597 1830 763 1859 auctores
789 1830 825 1859 et
850 1822 1094 1860 moderatores
1130 1832 1214 1860 sunt
1249 1837 1367 1861 rerum
1396 1824 1651 1863 humanarum.
1714 1823 1765 1860 Hi
1801 1823 1890 1873 qnid
1925 1824 1996 1862 sibi

149 1884 310 1934 placeat,
351 1892 429 1919 tum
468 1881 624 1920 oraculis
663 1880 905 1933 patefaciunt,
946 1890 1021 1919 tum
1058 1882 1105 1920 iis
1142 1882 1308 1932 legibus,
1348 1897 1443 1934 quae
1478 1883 1661 1921 hominum
1698 1882 1829 1920 animis
1864 1882 1995 1922 insitae

151 1957 269 1992 neque
308 1935 495 1991 exstingui
531 1956 690 1992 unquam
728 1951 883 1994 possunt
914 1957 1033 1993 neque
1068 1943 1198 1981 violari
1234 1944 1366 1981 debent
1403 1946 1485 1983 OR.
1516 1943 1608 1981 865.
1648 1944 1734 1981 Ant.
1761 1941 1854 1983 454.
1918 1944 1993 1991 Qui

148 2003 236 2041 deos
269 2002 391 2039 colunt
428 2015 540 2052 seque
578 2015 736 2051 suasque
759 2017 822 2040 res
856 2002 894 2040 in
930 2017 1053 2040 eorum
1080 2002 1188 2040 fidem
1215 2003 1457 2051 committunt,
1492 2002 1560 2040 tuti
1587 2010 1671 2040 sunt
1707 2011 1744 2039 et
1769 2002 1916 2053 placide
1951 2018 1995 2042 ac

149 2063 345 2112 tranquille
382 2071 536 2100 aetatem
563 2075 668 2100 suam
701 2062 860 2110 degunt;
902 2063 965 2111 qui
990 2063 1183 2112 negligunt
1219 2073 1254 2101 et
1279 2062 1475 2114 superbiae
1509 2062 1800 2112 insolentiaeque
1825 2077 1866 2101 se
1892 2063 1991 2108 dant,

150 2123 322 2160 labuntur
349 2131 385 2159 et
410 2135 549 2172 poenas
576 2121 647 2160 diis
674 2122 885 2173 persolvunt
911 2123 993 2159 ΟΒ.
1017 2121 1094 2159 873
1114 2136 1193 2172 sqq.
1248 2123 1294 2161 cs.
1324 2125 1411 2163 Ant.
1428 2124 1515 2162 127.
1543 2121 1783 2162 Trach.280.
1810 2122 1861 2161 al.
1917 2124 1992 2170 Qui

150 2182 310 2220 modeste
355 2195 397 2220 ac
433 2190 676 2233 temperanter
712 2195 752 2220 se
789 2190 937 2232 gerunt,
977 2180 1044 2219 hos
1080 2180 1132 2219 dii
1171 2181 1350 2233 diligunt3
1397 2183 1513 2222 malos
1547 2194 1591 2220 ac
1625 2182 1804 2234 superbos
1839 2182 1992 2222 oderunt

152 2243 208 2281 Αἰ.
240 2245 325 2282 133.

402 2324 534 2363 Καλὸν
561 2330 715 2374 φρονεῖν
744 2322 811 2362 τὸν
837 2322 986 2374 θνητὸν
1012 2321 1246 2374 ἀνθρώποις
1271 2328 1336 2363 ἰ’σα
1375 2323 1508 2373 fragm.
1534 2325 1624 2363 311.

151 2402 222 2440 Sed
261 2402 424 2441 homines
462 2417 572 2453 quum
609 2411 681 2441 tam
720 2402 861 2442 debiles
897 2402 966 2441 sint
1009 2412 1119 2454 atque
1155 2403 1306 2453 infirmi,
1349 2413 1490 2452 tamen,
1532 2416 1627 2454 qnae
1662 2412 1718 2443 est
1753 2412 1828 2442 tum
1860 2404 1993 2444 levitas

1593 2473 1618 2511 9
