2270 2915
1044 178 1100 190 —-
1166 157 1350 201 16-

264 287 390 328 oculos
416 285 783 335 effossomunquam
810 283 904 324 duce
939 297 1032 336 opus
1071 291 1143 323 non
1170 283 1322 333 suisset,
1357 283 1439 337 ipre
1464 282 1554 322 'dux
1589 282 1670 323 sine
1706 284 1785 323 inllo
1808 284 2043 326 *adminiculo
2078 286 2125 326 ad

266 361 351 387 eum
377 348 497 386 locum
526 345 707 398 praeivit,
744 345 809 385 ubi
835 345 907 386 sibi
933 359 955 384 e
980 344 1074 385 vivis
1101 344 1361 385 discedendum
1388 358 1468 385 esse
1502 357 1528 384 a
1553 343 1623 384 deo
1650 344 1800 386 edoctus
1826 355 1915 388 erat·
1948 350 2125 388 quuntem

264 409 409 450 Chorus
445 407 554 456 bonis
587 408 770 447 ominibus
806 407 1055 460 prosequitur.
1116 410 1199 446 Non
1235 408 1288 447 ita
1323 408 1437 446 multo
1472 415 1557 459 post
1591 406 1742 446 nuntius
1777 408 1901 457 affert,
1939 409 2123 461 Oedipum

261 478 376 509 morte
413 470 648 522 absumptum
685 483 766 508 esse
802 469 914 522 plane
948 467 1120 509 mirabili.
1185 471 1280 509 Nam
1317 467 1382 508 ubi
1419 468 1576 521 primum
1614 468 1662 508 ad
1697 468 1801 508 illum
1829 469 1950 509 locum
1975 480 2122 510 ventum

261 540 371 578 esset,
393 530 585 583 Oedipum
612 531 760 583 piacula
787 531 936 572 lavacro
962 530 1149 579 abluisse;
1177 531 1324 581 deinde,
1351 530 1544 570 tonitribus
1571 531 1721 582 exortis,
1749 545 1771 570 a
1799 530 1869 570 deo
1893 531 1973 583 ipso
2001 546 2122 572 coram

259 593 506 638 admonitum,
543 606 589 630 ne
626 602 854 638 moraretur,
884 593 1032 631 filiabus
1069 592 1250 642 dimissis,
1297 607 1378 631 cum
1414 593 1493 632 solo
1530 592 1676 631 Theseo
1711 592 1942 632 remansisse.
2005 593 2121 633 Filias

259 668 342 692 cum
370 653 517 699 comite,
546 653 727 705 mediocri*
749 654 869 705 spatio
896 653 1121 703 intermisso,
1149 653 1379 706 respexisse3
1420 653 1485 692 sed
1512 653 1698 706 Oedipum
1725 654 1798 693 iam
1826 653 1939 693 fuisse
1964 653 2120 704 nullum,

261 716 447 754 Theseum
474 728 620 752 manum
654 713 771 752 oculis
798 715 1068 765 praetendisse,
1106 715 1211 766 quasi
1248 730 1325 761 res,
1363 728 1455 765 quas
1491 715 1599 753 modo
1636 714 1806 760 vidisset,
1843 715 1957 753 aciem
1994 728 2119 753 eorum

256 774 595 827 praestrinxissent.
649 774 767 813 Filiae
794 774 833 813 in
860 789 1008 815 scenam
1035 776 1208 827 redeunt,
1240 785 1382 830 patrem
1408 774 1634 815 carissimum
1660 773 1908 815 amantissimo
1936 774 2117 815 desiderio

256 836 507 889 deplorantes.

362 950 455 1000 Quis
492 959 565 997 est,
604 951 691 1001 quin
729 959 870 996 cernat,
920 951 1105 1003 Oedipum
1141 965 1190 989 ex
1224 949 1318 989 vivis
1355 950 1557 990 excessisse
1597 959 1634 989 et
1670 951 1742 991 diis
1778 951 2044 991 immortalibus
2079 960 2116 991 et

253 1012 422 1053 omnibus
459 1011 668 1049 hominibus
705 1010 811 1049 bonis
848 1011 959 1062 plane
997 1011 1298 1050 reconciliatum?
1363 1012 1629 1053 sceleratorum
1666 1027 1815 1052 numero
1852 1023 2043 1065 exemptus
2078 1021 2115 1052 et

254 1075 328 1124 diis
356 1073 449 1126 ipsis
478 1082 728 1119 consecratus,
767 1073 956 1111 laboribus
983 1073 1060 1111 suis
1087 1072 1283 1110 exantlatis
1310 1073 1497 1121 omnibus,
1534 1074 1692 1124 denique
1718 1075 1967 1126 placatissima
1994 1074 2115 1125 quiete

250 1136 394 1175 fruitur.
450 1133 526 1171 Sed
555 1142 595 1172 ut
621 1147 763 1171 omnem
791 1133 987 1182 rationem,
1016 1148 1123 1184 quam
1146 1132 1350 1184 Sophocles
1377 1133 1415 1171 in
1443 1133 1512 1173 hoc
1539 1136 1753 1174 mollissimo
1781 1135 1940 1179 carmine
1966 1145 2112 1175 secutus

249 1206 322 1242 est,
361 1195 566 1233 accuratius
592 1208 817 1245 proponam,
855 1208 919 1239 ea,
957 1208 1052 1244 quae
1084 1193 1243 1231 breviter
1270 1195 1457 1243 enarravi,
1493 1195 1604 1234 latius
1631 1197 1820 1247 aliquanto
1848 1195 2002 1234 dicenda
2028 1204 2113 1235 suut

248 1268 283 1297 et
310 1256 495 1296 diffusius.
552 1255 721 1306 Oedipus
748 1254 861 1305 igitur
888 1255 935 1294 ab
962 1254 1066 1293 initio
1093 1253 1277 1293 inducitur
1304 1264 1476 1305 tanquam
1502 1257 1696 1303 societate,
1724 1273 1796 1308 qua
1824 1257 1989 1295 homines
2016 1257 2112 1297 inter

247 1333 288 1358 se
314 1318 563 1361 continentur,
601 1330 751 1367 prorsus
779 1316 1008 1355 exturbatus.
1062 1318 1097 1353 A
1125 1316 1202 1353 suis
1230 1315 1365 1353 eiectus
1392 1325 1468 1363 est3
1509 1316 1696 1362 hominum
1723 1317 1963 1366 frequentiam
1991 1316 2108 1367 sugit3

246 1379 381 1419 victum
410 1377 569 1417 ostiatim
598 1376 762 1428 quaerit3
796 1376 908 1416 vitam
935 1391 1047 1428 aegre
1074 1376 1239 1416 sustinet.
1296 1379 1419 1424 Quum
1445 1377 1484 1415 in
1512 1391 1639 1428 agrum
1662 1380 1862 1418 Coloneum
1890 1373 2049 1417 venisset
2075 1389 2111 1418 et

243 1440 281 1479 in
309 1439 504 1478 Furiarum
532 1439 615 1476 luco
644 1438 868 1477 consedisset
904 1438 1119 1488 civibusque
1145 1437 1433 1486 sciscitantibus,
1470 1439 1553 1488 quis
1580 1448 1694 1488 esset,
1732 1439 1917 1490 Oedipum
1954 1453 1993 1483 se
2027 1455 2109 1478 esse

244 1500 370 1539 timide
396 1499 664 1550 respondisset,
693 1498 752 1548 hi,
781 1499 933 1537 horrore
960 1499 1119 1551 perfusi,
1154 1513 1236 1536 eum
1265 1498 1472 1550 propellere
1499 1499 1664 1548 student,
1693 1501 1846 1549 tutelae,
1884 1515 1992 1551 quam
2020 1516 2107 1553 pro-

242 1563 418 1606 miserant
446 1562 542 1611 176,
582 1575 734 1612 prorsus
761 1560 879 1599 obliti.
933 1563 1118 1612 Deceptus
1154 1560 1250 1597 enim
1289 1574 1328 1597 se
1365 1569 1495 1610 putant
1530 1561 1578 1599 ab
1607 1561 1774 1612 Oedipo,
1812 1562 1875 1611 qui
1912 1577 2023 1612 quum
2060 1563 2107 1601 sit

241 1625 349 1663 homo
388 1637 483 1671 unus
520 1621 681 1659 omnium
717 1621 1040 1669 sceleratissimus,
1078 1620 1116 1658 in
1154 1619 1419 1658 sanctissimum
1459 1620 1652 1660 Furiarum
1688 1622 1810 1660 lucum
1839 1623 2035 1674 penetrarit
2071 1633 2107 1662 et

242 1684 469 1738 praesidium
497 1696 605 1722 suum
631 1681 894 1733 imploraverit.
945 1684 1075 1732 Neque
1102 1681 1282 1730 dubitant,
1310 1680 1397 1731 quin
1425 1682 1537 1720 nullis
1564 1682 1694 1734 poenis
1722 1682 1805 1721 talis
1825 1683 1933 1721 homo
1960 1698 2033 1721 non
2059 1684 2106 1722 sit

241 1744 481 1793 afficiendo-<15
515 1743 642 1782 timent
668 1742 763 1790 enim
791 1742 1035 1791 veliementer,
1063 1756 1121 1790 ne,
1149 1742 1181 1780 si
1208 1755 1283 1779 rem
1312 1754 1393 1779 cum
1421 1742 1566 1794 Oedipo
1594 1742 1808 1791 habuerint,
1835 1742 1927 1781 iram
1955 1743 2104 1784 deorum

238 1804 498 1853 immortalium
523 1813 559 1842 et
586 1803 658 1842 sibi
686 1812 724 1850 et,
749 1803 891 1853 patriae
917 1816 1007 1841 suae
1034 1802 1229 1841 concilient
1264 1803 1342 1850 226
1360 1804 1512 1842 —235.
1541 1804 1632 1842 256.
1694 1806 1751 1841 Ita
1778 1813 1970 1854 postquam
1999 1806 2104 1852 quasi

237 1866 380 1905 infinita
407 1863 589 1917 quaedam
617 1862 845 1901 miseriarum
872 1862 949 1913 vis,
988 1877 1083 1914 quae
1120 1877 1166 1901 ex
1204 1856 1404 1903 sceleribus
1440 1863 1642 1903 commissis
1678 1864 1717 1902 in
1745 1864 1928 1916 Oedipum
1968 1864 2103 1904 redun-

238 1928 380 1979 dasset,
407 1926 601 1978 ,descripta
638 1934 711 1974 cst,
750 1924 945 1976 deinceps,
983 1934 1024 1962 ut
1060 1924 1195 1975 dignus
1233 1916 1430 1975 appareat,
1468 1925 1531 1975 qui
1564 1926 1602 1963 in
1629 1925 1788 1975 gratiam⁴
1813 1933 1887 1962 tum
1915 1924 2100 1968 hominum

237 1989 491 2035 tumssdeorum
518 1986 664 2031 redeat,
701 1984 818 2024 omnis
845 1985 975 2023 horum
1002 1985 1181 2024 scelerum
1210 1985 1301 2032 ratio
1331 1985 1611 2036 diligentissime
1637 1985 1866 2038 proponitur.
1922 1987 2100 2033 Quamvis

236 2050 332 2100 enim
359 2045 760 2097 sceleratusJOedipus.
781 2060 863 2084 esse
887 2045 1077 2092 videatur,
1117 2055 1257 2093 tamen,
1295 2045 1327 2084 si
1356 2060 1480 2085 verum
1508 2046 1737 2097 quaerimus,
1774 2046 1883 2083 homo
1911 2055 1966 2084 est
1991 2046 2100 2086 inno-

235 2098 335 2160 cens.
389 2111 486 2161 Nam
514 2106 694 2159 quidquid
721 2105 825 2156 fecit,
852 2106 989 2147 invitus
1016 2105 1235 2150 etinsciens
1263 2105 1369 2156 fecit,
1406 2107 1670 2158 nequemagis
1697 2106 1920 2159 perpetravit
1946 2108 2098 2157 scelera,

235 2183 568 2223 quaffiperpessus
595 2176 662 2207 est.
726 2170 906 2216 Uxorem,
944 2181 1055 2218 quam
1091 2167 1216 2215 duxit,
1254 2176 1405 2205 matrem
1441 2182 1522 2206 esse
1558 2167 1752 2218 ignorabat
1762 2182 1775 2215 ;
1823 2167 1921 2218 quod
1958 2178 2098 2219 patrem

234 2230 384 2286 occidit,
401 2243 555 2284 poenas
582 2228 629 2267 ab
655 2227 702 2268 iis
729 2227 917 2281 repetivit,
946 2229 1008 2280 qui
1035 2228 1178 2281 priores
1204 2227 1374 2276 iniuriam
1401 2227 1621 2278 intulerant3
1658 2229 1776 2269 omnis
1803 2228 1961 2280 denique
1986 2230 2096 2283 culpa

232 2290 472 2345 nonJOe'dipri
499 2300 572 2340 est,
609 2289 676 2329 sed
703 2289 809 2335 Laii,
849 2290 912 2338 qui
947 2304 1080 2339 quum,
1114 2290 1261 2338 oraculo
1298 2290 1485 2341 neglecto,
1523 2291 1641 2330 filium
1676 2298 1923 2343 procreasset,
1959 2291 2096 2332 [butem

232 2354 396 2404 omnium
421 2352 613 2406 malorum,
642 2364 739 2401 quae
754 2359 890 2402 xsecuta
915 2360 1025 2401 sunt,.
1042 2351 1206 2404 ape-ruit..
1230 2354 1363 2400 „Quae
1389 2364 1500 2403 quum
1528 2352 1580 2391 ita
1607 2352 1692 2402 sint,
1721 2351 1802 2401 quis
1823 2350 1978 2397 dubitet,
2006 2351 2094 2403 quin

230 2427 398 2455 auctores
445 2415 576 2453 haruin
621 2426 743 2452 rerum
789 2412 923 2452 fuerint
969 2412 1043 2466 ipsi
1089 2410 1171 2451 dii?
1227 2427 1250 2452 a
1288 2412 1422 2464 quibus
1468 2427 1583 2465 quum
1619 2412 1852 2454 constitutum
1890 2421 2004 2464 esset,
2055 2423 2094 2451 ut
