2270 2915
933 157 1240 200 ...27-

161 300 258 340 quae
282 286 367 327 ‘una
403 282 614 325 hominibus
652 280 701 321 ad
737 281 893 334 gloriam
920 286 979 322 'et‘
1003 283 1176 323 honorem
1214 290 1344 335 parata
1370 285 1450 322 est.
1502 280 1599 329 ‘Quo
1635 281 1730 320 enim
1767 282 1923 334 quisque
1948 282 2008 322 in·

161 349 329 390 structior
364 357 421 388 est
456 343 602 395 magnis
638 357 682 382 ac
717 344 917 396 praeclaris
953 344 1009 384 rei
1044 356 1189 385 strenue
1224 358 1268 383 ac
1300 344 1438 383 sortiter
1465 343 1648 395 gerendae
1674 344 1929 394 facultatibus,
1965 359 2008 383 eo

162 412 324 466 paratior
360 413 441 449 esse
476 407 585 445 debet
620 406 668 445 ad
705 406 860 458 quodvis
896 421 1012 458 genus
1047 408 1213 450 laborum
1250 406 1565 460 periculorumque
1601 406 1844 448 subeundum.
1909 406 2011 455 Quid

164 473 291 512 enim?
333 483 444 521 quum
470 468 603 518 reliqui
631 469 763 506 Graeci
799 469 847 507 ad
875 469 1026 507 Troiam
1061 483 1127 521 per
1153 470 1278 507 decem
1305 482 1419 507 annos
1445 470 1632 520 pulverem
1660 482 1704 506 ac
1730 469 1843 507 solem
1870 470 2011 520 perfer-

162 542 262 583 rent,
296 545 425 572 manus
451 538 699 579 consererent,
735 529 774 569 in
800 528 960 569 omnium
987 544 1106 569 rerum
1134 544 1281 570 suarum
1309 539 1488 569 certamen
1515 544 1559 568 ac
1586 528 1778 570 discrimen
1806 543 1918 582 saepe
1944 529 2013 568 ad-

163 595 402 633 ducerentur:
430 605 626 631 securusne
652 592 885 641 Philoctetes,
913 592 975 641 qui
1000 592 1155 632 invictas
1181 591 1352 631 Herculis
1379 591 1533 642 sagittas
1559 592 1721 641 haberet,
1748 601 1859 643 atque
1885 592 2013 630 umbra

164 655 439 709 parietibusque
474 653 657 702 inclusus,
694 662 970 705 exspectaturus
1006 662 1104 700 erat,
1141 653 1225 692 dum
1253 662 1397 705 tempus
1423 652 1600 703 venisset,
1635 667 1708 704 quo
1735 652 1910 692 fatalibus
1936 652 2014 691 suis

165 717 309 768 sagittis
335 718 426 755 urbe
452 714 553 753 sacili
579 713 726 763 negotio
754 723 933 765 occupata
958 715 1120 767 palmam
1147 714 1274 753 ceteris
1300 714 1553 767 praeriperet?
1594 716 1626 752 A
1653 714 1875 766 praestantia
1900 713 2014 764 igitur

166 779 340 824 telorum,
378 777 512 827 quibus
538 775 727 820 utebatur,
754 775 950 825 malorum,
987 776 1120 826 quibus
1146 776 1399 828 premebatur,
1435 775 1648 826 magnitudo
1675 785 1754 814 orta
1780 784 1849 815 est.
1903 773 2014 822 Quod

167 853 279 891 quum
314 838 397 890 ipse
434 835 641 886 intelligere
667 835 869 886 videretur,
905 845 1025 875 tamen
1052 851 1173 875 veram
1200 836 1253 875 rei
1279 836 1455 875 rationem
1481 850 1554 874 non
1581 836 1783 888 perspexit.
1837 834 2016 883 Quamvis

166 901 264 939 enim
299 907 486 947 vereatur,
522 911 568 935 ne
605 896 728 935 fatalis
762 897 942 947 quaedam
978 897 1034 937 vis
1070 898 1214 949 sagittis
1250 897 1329 937 suis
1364 897 1689 949 praestantissimis
1724 896 1940 946 adhaereat,
1975 904 2016 934 ut

167 961 266 999 mala
292 960 446 998 afferant
472 958 526 1007 ei,
563 957 627 1008 qui
655 957 789 995 habeat
811 959 912 1005 776,
951 966 1074 996 tamen
1099 973 1218 1008 neque
1244 967 1385 1008 sperat,
1421 958 1574 1006 sagittas
1600 967 1637 996 et
1661 957 1735 996 sibi
1760 966 1798 996 et
1823 957 2018 996 universae

168 1020 310 1072 patriae
335 1020 491 1058 salntem
517 1027 555 1056 et
580 1017 737 1068 gloriam
763 1017 1018 1057 conciliaturas
1044 1031 1138 1065 esse,
1165 1031 1297 1069 neque,
1324 1025 1518 1070 postquam
1544 1018 1592 1056 ab
1605 1019 1845 1070 Neoptolemo
1868 1018 2017 1057 edoctus

169 1090 243 1130 est,
276 1080 390 1118 credit
415 1087 478 1117 aut
503 1078 595 1116 iram
621 1090 725 1116 suam
752 1077 891 1115 Atridis
917 1086 953 1115 et
980 1078 1083 1116 Ulixi
1110 1078 1292 1117 condonat
1332 1078 1435 1116 1348
1460 1092 1542 1129 sqq.
1596 1078 1696 1116 Mori
1721 1078 1881 1128 mavult,
1908 1092 2019 1127 quam

169 1140 346 1191 inimicis,
386 1140 456 1178 hoc
481 1147 555 1188 est,
582 1137 724 1191 patriae
751 1137 949 1189 prodesse3
989 1138 1103 1178 satius
1129 1138 1262 1188 habet,
1296 1138 1336 1177 in
1361 1137 1483 1178 insula
1510 1139 1657 1178 deserta
1681 1139 1784 1178 solus
1808 1152 1957 1178 manere
1982 1148 2020 1179 et

169 1202 315 1242 miseria
341 1214 385 1240 ac
409 1201 506 1238 same
530 1208 594 1238 ant
619 1212 741 1237 morsu
768 1198 927 1237 serarum
952 1199 1093 1251 perire,
1120 1213 1231 1248 qnam
1256 1199 1423 1238 inimicos
1449 1199 1554 1250 sequi
1583 1200 1681 1238 1081
1696 1221 1748 1229 —
1763 1201 1877 1249 121⁷,
1915 1200 2021 1240 telis-

171 1277 261 1315 que,
296 1262 431 1314 quibus
467 1261 521 1300 dii
557 1259 707 1299 Troiam
742 1259 960 1312 capiendam
995 1274 1076 1299 esse
1112 1259 1391 1310 constituerant,
1426 1274 1500 1299 non
1535 1260 1584 1299 ad
1610 1261 1765 1300 salutem
1791 1260 2022 1313 gloriamque

170 1324 312 1378 patriae
347 1322 576 1374 augendam,
611 1321 677 1361 sed
711 1320 761 1360 ad
796 1335 883 1360 suos
917 1319 1083 1361 inimicos
1119 1321 1389 1375 propulsandos
1425 1330 1463 1360 et
1497 1321 1726 1361 ulciscendos
1759 1323 1941 1363 abusurus
1966 1332 2023 1363 est

173 1385 289 1425 1406.
341 1386 445 1421 Haec
470 1382 561 1421 mihi
588 1381 736 1432 quidem
762 1395 835 1420 non
862 1390 935 1420 tam
961 1381 1165 1421 constantia
1191 1396 1285 1431 esse,
1313 1396 1423 1433 quam
1446 1383 1675 1421 contumacia
1687 1383 1846 1424 videtur.
1901 1386 2023 1432 Quam

172 1444 435 1485 contumaciam
462 1442 527 1494 qui
552 1441 702 1481 vincere
727 1450 921 1487 conantur,
947 1442 1079 1481 Ulixes
1104 1451 1142 1481 et
1165 1443 1449 1494 Neoptolemus,
1481 1442 1715 1483 vehementer
1739 1458 1808 1497 spe
1833 1458 1902 1484 sua
1927 1444 2022 1484 deii-

174 1506 330 1545 ciuntur.
400 1503 533 1542 Ulixes
568 1502 735 1553 quidem,
781 1502 943 1540 cuiusvis
979 1502 1118 1540 fraudis
1153 1503 1379 1541 machinator
1414 1511 1451 1541 et
1485 1503 1723 1553 architectus,
1767 1504 2024 1556 Philoctetam,

174 1567 452 1619 quibuscunque
486 1564 596 1604 rebus
630 1571 774 1616 posset,
809 1562 1066 1603 adducendum
1093 1578 1195 1614 esse,
1229 1572 1271 1602 ut
1297 1562 1445 1603 Troiam
1471 1563 1783 1617 proficisceretur,
1817 1574 1939 1617 ratus,
1975 1566 2024 1607 ad

175 1628 300 1667 dolum
326 1636 363 1666 et
388 1624 616 1664 mendacium
643 1624 844 1665 descendit.
905 1627 961 1663 Ac
987 1625 1217 1677 Neoptolemi
1244 1625 1391 1675 quidem
1417 1624 1578 1663 animum
1605 1625 1778 1677 opinione
1803 1627 1945 1676 gloriae
1969 1628 2024 1667 ita

176 1688 377 1741 permulcet
403 1696 439 1726 et
464 1686 624 1739 pellicit,
650 1695 709 1734 ut,
735 1685 878 1737 pudore
903 1686 1033 1737 pulso,
1059 1686 1108 1724 ad
1134 1685 1255 1725 omnia
1280 1700 1321 1725 se
1346 1695 1515 1737 paratum
1540 1694 1652 1735 atque
1677 1700 1827 1739 operam
1853 1687 2024 1728 daturum

176 1762 257 1788 esse
291 1746 496 1800 promittat,
534 1756 592 1797 ut,
629 1745 907 1798 quibuscunque
942 1747 1051 1786 rebus
1087 1745 1224 1799 possit,
1261 1746 1499 1785 Philoctetam
1535 1746 1658 1800 capiat
1696 1747 1891 1790 1—134.
1950 1749 2026 1789 Sed

176 1810 283 1848 dolus
310 1816 345 1846 et
371 1807 598 1846 mendacium
631 1821 742 1857 quum
769 1807 808 1845 in
834 1806 966 1845 ceteris
993 1808 1103 1845 rebus
1138 1807 1337 1858 plurimum
1371 1807 1532 1859 possint,
1567 1807 1607 1846 in
1643 1807 1871 1849 Philoctetae
1905 1810 2025 1850 auimo

177 1869 357 1911 vincendo
383 1867 477 1907 nihil
502 1867 636 1907 valent.
691 1866 822 1906 Ulixes
857 1880 970 1918 quum
995 1866 1090 1905 nihil
1115 1880 1188 1906 non
1214 1875 1278 1906 aut
1304 1867 1514 1906 simulasset
1538 1875 1603 1907 aut
1628 1867 1914 1921 dissimulasset,
1949 1871 2026 1910 for-

178 1932 334 1970 midines
369 1943 413 1968 ac
446 1929 591 1967 dolores
617 1927 865 1978 adhibuisset,
901 1937 1109 1975 assecutus,
1146 1928 1246 1979 quod
1281 1928 1415 1976 voluit,
1449 1942 1523 1966 non
1548 1937 1617 1968 est.
1679 1929 1844 1979 Sagittas
1879 1931 2027 1982 quidem

179 1990 429 2032 fraudulenter
464 1996 651 2040 surreptas
687 1988 821 2028 habet:
866 1988 1008 2041 ipsum,
1045 1996 1086 2027 ut
1120 2001 1189 2027 sua
1223 1996 1354 2040 sponte
1389 2001 1513 2027 secum
1550 1987 1700 2028 Troiam
1725 1990 2029 2042 proficisceretur,

180 2067 252 2092 non
279 2049 446 2091 adduxit.
497 2048 723 2087 Laudandus
751 2049 899 2098 quidem
926 2049 1089 2098 videtur,
1117 2048 1215 2099 quod
1241 2063 1312 2086 non
1338 2062 1445 2087 suum
1471 2049 1701 2089 commodum
1726 2065 1927 2102 quaerens,
1961 2053 2028 2092 sed

181 2113 323 2166 patriae
348 2126 391 2150 ac
418 2110 526 2150 sociis
553 2108 778 2162 prospiciens
805 2109 919 2148 1050.
948 2108 1060 2158 1145,
1087 2108 1182 2147 hanc
1207 2108 1349 2148 fraudis
1374 2108 1564 2149 infamiam
1590 2111 1764 2164 suscepit.
1815 2113 1890 2151 Sed
1915 2127 1963 2153 ne
1987 2112 2027 2153 iu

183 2173 342 2228 publicis
361 2171 508 2223 quidem
534 2172 645 2210 rebus
672 2168 967 2208 administrandis
993 2169 1113 2208 fraudi
1138 2183 1183 2208 ac
1207 2170 1412 2220 mendacio,
1439 2171 1502 2221 qui
1527 2185 1569 2209 se
1595 2171 1731 2211 bonum
1749 2186 1880 2212 nomeu
1898 2173 2029 2213 existi-

183 2234 276 2274 mari
295 2233 434 2278 volunt,
461 2231 580 2269 locum
600 2230 797 2269 concedent
821 2230 950 2270 ullum.
1001 2230 1264 2282 Neoptolemus
1291 2240 1425 2277 autem,
1452 2230 1668 2271 adolescens
1692 2232 1740 2272 ad
1766 2233 1892 2274 dolum
1917 2244 2029 2287 atque

184 2294 338 2334 insidias
363 2291 554 2332 struendas
580 2289 728 2329 minime
753 2299 880 2343 aptus,
913 2304 1022 2342 quum
1048 2305 1125 2329 rem
1150 2304 1194 2330 eo
1221 2291 1471 2343 perduxisset,
1497 2300 1540 2330 ut
1564 2306 1645 2331 cum
1671 2293 1875 2334 Philocteta
1899 2309 2029 2336 navem

184 2354 457 2403 conscenderet,
499 2352 615 2404 quasi,
639 2351 788 2390 domum
822 2352 1069 2404 profecturus,
1115 2361 1151 2391 et
1186 2352 1434 2392 misericordia
1470 2352 1627 2393 hominis
1662 2362 1782 2395 metus
1817 2365 1854 2395 et
1887 2356 2029 2408 pudore
