2270 2915
990 149 1297 190 ...19-

214 279 340 319 oculos
366 285 507 319 avertat
542 275 590 316 ab
616 274 709 313 duro
735 272 805 313 isto
832 286 921 314 sene
956 281 1092 315 tantum
1130 288 1201 313 non
1238 254 1398 323 mortuo,
1435 272 1737 313 coniunctissimis
1772 274 1852 315 suis
1885 275 2071 316 dirissima

215 354 384 392 quaeque
420 336 672 391 imprecante?
739 336 907 375 Theseus
942 338 1089 388 quidem
1129 352 1241 389 quum
1279 336 1498 387 audivisset,
1538 346 1676 388 quauta
1710 337 1748 375 in
1784 352 1875 378 sene
1909 338 2069 391 supplici

218 412 313 442 esset
340 399 543 455 pertinacia
569 407 606 437 et
632 397 777 448 duritia,
805 398 1065 438 admonuerat:

634 475 674 513 ’ὦ
697 476 815 525 μῶρε,
853 474 983 526 θυμὸς
1017 473 1059 513 δ’
1085 474 1128 515 ἓν
1153 483 1282 523 κακοῖς
1309 474 1356 514 οῦ
1384 475 1581 527 ξύμφορον

219 553 311 592 592.
376 551 451 591 Sed
485 549 652 590 utilitatis
685 565 774 589 suae
810 550 987 590 rationem
1025 559 1064 589 ut
1100 550 1252 589 haberet
1287 550 1584 603 temporibusque
1619 560 1659 590 ut
1693 550 1905 600 inserviret,
1944 550 2071 590 admo-

219 622 361 655 nuerat.
418 611 493 661 Qui
522 610 585 649 ubi
613 611 794 662 cognovit,
822 611 1007 664 Oedipum
1036 624 1126 650 sane
1152 611 1301 661 habere,
1328 626 1393 650 cur
1407 612 1596 651 Thebanis
1619 612 1848 661 irasceretur,
1876 612 2071 650 admonere

215 675 376 724 destitit,
404 688 523 725 neque
551 682 697 725 postea,
725 687 834 724 quum
864 673 1051 725 Oedipus,
1079 672 1142 724 qui
1170 673 1453 713 coniunctissimi
1480 684 1602 721 erant,
1630 673 1698 714 hos
1724 689 1850 714 omnes
1877 672 2072 712 dimitteret

217 734 484 784 inimicissime,
525 734 692 773 inventus
729 743 782 772 est
819 733 1032 785 quisquam,
1074 733 1156 784 qui,
1197 748 1303 785 quam
1343 735 1537 773 crudeliter
1572 735 1610 773 id
1639 736 1789 785 faceret,
1829 749 1939 786 quam
1965 735 2070 783 dure,

217 811 326 847 quam
363 796 496 847 impie,
532 793 695 834 sentiret.
754 794 934 833 Nimirum
961 795 1071 834 aliam
1100 805 1240 836 veterae
1267 796 1513 846 sequebantur
1548 796 1586 834 in
1614 795 1671 835 his
1698 796 1807 835 rebus
1834 796 2010 834 rationem
2036 805 2072 834 et

218 872 240 898 a
268 865 391 897 nostra
418 856 528 908 longe
557 855 750 897 diversam.
805 855 989 909 Oedipum
1017 855 1127 905 enim,
1155 855 1218 908 qui
1246 870 1318 895 non
1345 857 1456 909 culpa
1482 869 1563 905 sua,
1590 856 1655 894 sed
1683 866 1832 909 peccato
1851 849 1980 910 patris,
2006 855 2071 895 sed

218 932 340 957 errore
376 926 413 955 et
439 932 505 956 suo
542 927 576 956 et
604 918 861 956 Thebanorum
897 927 933 955 et
959 917 1106 965 matris,
1146 918 1324 955 scelerum
1352 932 1498 956 suorum
1527 918 1713 956 infamiam
1741 933 1784 956 ac
1810 918 2071 970 turpitudinem

218 978 397 1026 subisset,
425 978 661 1019 recreandum
688 992 770 1018 esse
796 987 831 1016 et
857 977 1140 1026 restituendum,
1175 978 1372 1025 videban13
1415 978 1462 1015 ab
1489 978 1635 1029 Oedipo
1662 988 1781 1017 autern
1808 979 1973 1018 restituto
1999 978 2070 1017 ali-

220 1039 308 1091 quid
339 1038 462 1078 solatii
489 1053 532 1077 ac
559 1039 689 1078 salutis
715 1038 919 1077 redundare
946 1048 1114 1089 oportere
1140 1037 1187 1076 ad
1216 1038 1418 1085 miseriam,
1458 1053 1555 1089 quae
1590 1039 1627 1076 in
1665 1053 1808 1077 omnem
1845 1048 1989 1090 gentem
2024 1041 2071 1078 ab

221 1100 367 1151 Oedipo
396 1100 609 1145 emanabat,
637 1098 924 1152 reprimendam,
952 1107 1089 1137 tantum
1118 1099 1263 1147 aberat,
1291 1108 1330 1137 ut
1357 1098 1538 1147 viderent,
1566 1109 1605 1138 ut
1632 1099 1739 1139 malis
1766 1099 1876 1139 huius
1902 1100 2073 1153 precibus

219 1161 407 1202 materiam
435 1160 671 1209 calamitatis,
709 1174 782 1212 qua
817 1169 928 1198 totam
966 1160 1112 1198 domum
1140 1159 1433 1198 Labdacidarum
1461 1160 1653 1198 delendam
1682 1175 1762 1199 esse
1794 1161 1847 1199 dii
1873 1162 2072 1201 constitue·

218 1234 313 1273 rant,
340 1223 448 1262 etiam
477 1222 605 1272 augeri
632 1235 749 1272 aequo
777 1219 897 1259 animo
925 1219 1118 1268 serrenff‘).
1172 1221 1279 1259 Unde
1306 1220 1553 1259 tristissimum
1579 1221 1675 1260 illud
1700 1235 1845 1261 carmen
1871 1223 2074 1274 profectum

220 1294 295 1333 est,
323 1298 395 1335 quo
424 1284 588 1331 Chorus,
620 1291 812 1334 postquam
842 1280 1010 1333 Oedipus
1037 1294 1148 1332 aegre
1174 1282 1353 1320 adductus
1380 1292 1454 1330 est,
1492 1291 1531 1320 ut
1557 1282 1671 1320 filium
1698 1283 1746 1321 ad
1771 1297 1812 1321 se
1838 1284 1940 1322 adire
1967 1294 2074 1336 pate-

224 1354 349 1394 retur,
384 1343 550 1383 miserias
587 1343 685 1382 vitae
721 1342 904 1381 humanae
942 1342 1111 1394 deplorat
1152 1344 1251 1381 1211
1281 1357 1362 1393 sqq.
1426 1345 1623 1393 Nunquam
1659 1352 1904 1396 tempestates,
1942 1345 2074 1396 inquit,

220 1406 382 1456 undique
409 1414 554 1443 coortae
578 1402 837 1449 intermittunt,
878 1402 965 1454 quin
993 1403 1103 1442 vitam
1131 1403 1317 1442 hominum
1344 1404 1580 1456 perturbeut3
1629 1418 1702 1455 quo
1740 1405 1824 1456 quis
1861 1405 1999 1446 diutius
2035 1406 2074 1446 in

220 1468 314 1508 vivis
343 1476 410 1514 est,
438 1481 481 1506 eo
509 1465 667 1505 acriores
693 1464 945 1504 dimicationes
970 1464 1330 1516 vehementioresque
1356 1464 1568 1504 subeundae
1595 1474 1693 1511 sunt,
1720 1465 1772 1504 ita
1800 1476 1839 1505 ut
1864 1466 1912 1505 ad
1941 1467 2074 1507 tristis-

224 1531 355 1570 simum
383 1529 496 1575 illud,
532 1541 604 1579 quo
631 1525 779 1579 saepius
806 1535 946 1566 veteres
972 1527 1020 1565 ad
1047 1526 1214 1566 miserias
1240 1541 1284 1566 ac
1309 1527 1472 1577 labores,
1509 1526 1644 1578 quibus
1670 1526 1836 1567 homines
1861 1528 2074 1568 conflictan-

222 1605 299 1642 tur,
340 1589 580 1630 debellandos
608 1596 774 1636 utuntur,
815 1586 1025 1627 descendat.
1089 1588 1151 1627 Ait
1178 1589 1295 1637 enim,
1335 1604 1407 1626 non
1437 1588 1557 1637 nasci,
1596 1588 1735 1627 homini
1761 1589 1872 1640 longe
1897 1590 2074 1642 optimum

222 1668 321 1702 esse,
358 1651 563 1705 proximum
592 1659 731 1697 autem,
760 1661 869 1699 quam
896 1648 1053 1700 primum
1080 1649 1185 1688 mori.
1240 1652 1325 1696 Qua
1352 1649 1499 1700 quidem
1525 1648 1704 1687 sententia
1729 1649 1819 1699 quid
1845 1659 1966 1701 potest
1991 1665 2073 1690 esse

222 1715 389 1754 tristius?
444 1711 676 1752 Miseriarum
704 1718 825 1748 autem
858 1710 972 1749 multo
999 1709 1213 1763 plenissima
1240 1720 1318 1749 erat
1354 1710 1484 1749 domus
1519 1709 1834 1760 Labdacidarum,
1873 1723 1983 1763 quam
2019 1712 2074 1752 ira

222 1777 372 1816 deorum
407 1771 665 1812 immortalium
701 1769 919 1821 gravissima
954 1771 1192 1824 praecipitem
1228 1771 1363 1822 agebat
1402 1772 1492 1810 965.
1555 1773 1611 1809 Ac
1645 1770 1715 1809 filii
1750 1770 1900 1820 quidem
1936 1773 2074 1826 Oedipi

224 1852 334 1890 quum
362 1835 475 1874 exitio
502 1842 644 1885 gentem
671 1845 775 1870 suam
811 1844 834 1869 a
861 1830 932 1870 diis
958 1830 1175 1870 destinatam
1212 1840 1248 1870 et
1283 1831 1390 1883 quasi
1426 1830 1612 1870 addictam
1648 1830 1937 1884 intellexissent,
1969 1834 2074 1875 initio

224 1900 272 1939 ad
300 1895 550 1949 gubernacula
575 1891 800 1945 reipublicae
826 1892 1073 1932 accedendum
1100 1892 1172 1933 sibi
1206 1907 1282 1932 non
1310 1907 1391 1932 esse
1416 1902 1632 1933 statuerant.
1693 1892 1771 1932 Sed
1807 1895 1980 1946 quoniam
2015 1897 2074 1936 ss-

225 1960 309 1999 talis
337 1956 515 2009 quaedam
542 1954 741 1993 necessitas
775 1967 840 1992 eos
875 1954 924 1992 ad
960 1954 1185 2006 peccandum
1223 1954 1329 2004 quasi
1356 1954 1573 2003 instigabat,
1610 1967 1729 2004 neque
1763 1964 1924 2006 patrem,
1960 1972 2074 2008 quum

226 2020 345 2075 patria
371 2018 578 2064 eiiceretur,
615 2015 782 2066 quamvis
808 2025 975 2067 possent,
1013 2014 1251 2055 defenderunt
1276 2014 1324 2053 ab
1350 2013 1558 2063 iniuriaque
1586 2013 1870 2066 prohibuerunt,
1906 2026 1944 2056 et
1968 2018 2075 2072 cupi-

226 2082 339 2120 ditate
366 2077 543 2130 regnandi
569 2076 725 2124 incensi,
761 2075 957 2115 acerrimas
984 2076 1193 2114 inimicitias
1219 2076 1312 2114 inter
1336 2089 1376 2114 se
1402 2085 1641 2127 susceperunt
1676 2078 1752 2115 371
1780 2091 1862 2129 sqq.
1888 2078 1967 2118 427
1990 2094 2074 2130 sqq.

228 2140 338 2190 Quod
373 2139 566 2178 dissidium
603 2136 762 2175 fataliter
796 2136 1027 2176 constitutum
1060 2150 1106 2175 ne
1133 2150 1294 2187 unquam
1321 2135 1598 2188 exstinguerent
1632 2137 1803 2188 filiosque
1827 2152 1914 2178 suos
1941 2140 2074 2181 tristis-

252 2307 290 2351 ·)
322 2306 457 2351 Itaque
483 2299 621 2336 adduci
653 2310 731 2334 non
756 2311 936 2347 possum,
970 2307 1013 2335 ut
1037 2300 1251 2341 sententia,
1284 2313 1305 2334 a
1329 2312 1388 2334 me
1420 2300 1460 2334 in
1483 2297 1817 2350 Theologumenis
1840 2301 2074 2351 Sophocleis

320 2374 356 2409 p.
384 2360 426 2397 21
466 2363 537 2392 not
573 2355 721 2404 posita,
748 2353 953 2399 desistam,
986 2367 1098 2404 quam
1131 2354 1346 2397 Lt1hker,
1380 2355 1438 2389 vir
1462 2353 1731 2397 doctissimus,
1764 2357 1806 2391 in
1837 2369 2073 2408 progr-amm.

322 2427 452 2464 gymu.
478 2411 711 2461 Schleswig.
737 2422 758 2445 a
799 2413 900 2451 1847.
925 2424 963 2460 p.
988 2413 1043 2450 24.
1071 2418 1155 2448 not.
1181 2413 1238 2450 40.
1266 2410 1558 2459 vituperandam
1581 2412 1787 2448 existimat.
