<?xml version="1.0" encoding="UTF-8"?>
<!DOCTYPE html PUBLIC "-//W3C//DTD XHTML 1.0 Transitional//EN"
    "http://www.w3.org/TR/xhtml1/DTD/xhtml1-transitional.dtd">
<html xmlns="http://www.w3.org/1999/xhtml" xml:lang="en" lang="en">
 <head>
  <title>
</title>
<meta http-equiv="Content-Type" content="text/html;charset=utf-8" />
  <meta name='ocr-system' content='tesseract 3.04.00' />
  <meta name='ocr-capabilities' content='ocr_page ocr_carea ocr_par ocr_line ocrx_word'/>
</head>
<body>
  <div class='ocr_page' id='page_1' title='image "4768537_0025.png"; bbox 0 0 2270 2915; ppageno 0'>
   <div class='ocr_carea' id='block_1_1' title="bbox 950 152 1268 196">
    <p class='ocr_par' dir='ltr' id='par_1_1' title="bbox 950 152 1268 196">
     <span class='ocr_line' id='line_1_1' title="bbox 950 152 1268 196; baseline 0 -10"><span class='ocrx_word' id='word_1_1' title='bbox 950 152 1148 196; x_wconf 28' lang='lat' dir='ltr'><strong>—x15</strong></span> <span class='ocrx_word' id='word_1_2' title='bbox 1211 174 1268 185; x_wconf 77' lang='grc'><strong>.-</strong></span> 
     </span>
    </p>
   </div>
   <div class='ocr_carea' id='block_1_2' title="bbox 180 276 2042 949">
    <p class='ocr_par' dir='ltr' id='par_1_2' title="bbox 180 276 2042 949">
     <span class='ocr_line' id='line_1_2' title="bbox 186 276 2037 333; baseline -0.004 -6"><span class='ocrx_word' id='word_1_3' title='bbox 186 288 324 326; x_wconf 75' lang='lat' dir='ltr'><strong>eiectus</strong></span> <span class='ocrx_word' id='word_1_4' title='bbox 346 284 456 325; x_wconf 80' lang='lat' dir='ltr'><strong>exsul</strong></span> <span class='ocrx_word' id='word_1_5' title='bbox 480 281 707 333; x_wconf 71' lang='lat' dir='ltr'><strong>vagabatur,</strong></span> <span class='ocrx_word' id='word_1_6' title='bbox 744 278 939 320; x_wconf 77' lang='lat' dir='ltr'><strong>comitante</strong></span> <span class='ocrx_word' id='word_1_7' title='bbox 963 280 1150 331; x_wconf 82' lang='lat' dir='ltr'><strong>Antigona</strong></span> <span class='ocrx_word' id='word_1_8' title='bbox 1175 279 1269 320; x_wconf 86' lang='lat' dir='ltr'><strong>filia.</strong></span> <span class='ocrx_word' id='word_1_9' title='bbox 1331 277 1502 319; x_wconf 84' lang='lat' dir='ltr'><strong>Pervenit</strong></span> <span class='ocrx_word' id='word_1_10' title='bbox 1521 278 1671 318; x_wconf 84' lang='lat' dir='ltr'><strong>tandem</strong></span> <span class='ocrx_word' id='word_1_11' title='bbox 1706 276 1746 317; x_wconf 83' lang='lat' dir='ltr'><strong>in</strong></span> <span class='ocrx_word' id='word_1_12' title='bbox 1771 278 1894 319; x_wconf 82' lang='lat' dir='ltr'><strong>lucum</strong></span> <span class='ocrx_word' id='word_1_13' title='bbox 1920 292 2037 331; x_wconf 80' lang='lat' dir='ltr'><strong>quen·</strong></span> 
     </span>
     <span class='ocr_line' id='line_1_3' title="bbox 180 340 2038 401; baseline -0.004 -14"><span class='ocrx_word' id='word_1_14' title='bbox 180 348 293 398; x_wconf 85' lang='lat' dir='ltr'><strong>dam,</strong></span> <span class='ocrx_word' id='word_1_15' title='bbox 330 360 447 401; x_wconf 82' lang='lat' dir='ltr'><strong>prope</strong></span> <span class='ocrx_word' id='word_1_16' title='bbox 463 343 637 383; x_wconf 77' lang='lat' dir='ltr'><strong>Athenas</strong></span> <span class='ocrx_word' id='word_1_17' title='bbox 663 341 701 380; x_wconf 89' lang='lat' dir='ltr'><strong>in</strong></span> <span class='ocrx_word' id='word_1_18' title='bbox 724 341 1008 394; x_wconf 70' lang='lat' dir='ltr'><strong>agro-Coloneo</strong></span> <span class='ocrx_word' id='word_1_19' title='bbox 1034 342 1157 383; x_wconf 89' lang='lat' dir='ltr'><strong>situm.</strong></span> <span class='ocrx_word' id='word_1_20' title='bbox 1210 345 1319 381; x_wconf 88' lang='lat' dir='ltr'><strong>Hunc</strong></span> <span class='ocrx_word' id='word_1_21' title='bbox 1345 342 1467 380; x_wconf 88' lang='lat' dir='ltr'><strong>lucum</strong></span> <span class='ocrx_word' id='word_1_22' title='bbox 1493 340 1685 380; x_wconf 84' lang='lat' dir='ltr'><strong>Furiarum</strong></span> <span class='ocrx_word' id='word_1_23' title='bbox 1711 355 1811 392; x_wconf 87' lang='lat' dir='ltr'><strong>esse,</strong></span> <span class='ocrx_word' id='word_1_24' title='bbox 1844 349 2038 394; x_wconf 72' lang='lat' dir='ltr'><strong>postquam</strong></span> 
     </span>
     <span class='ocr_line' id='line_1_4' title="bbox 186 402 2040 458; baseline -0.004 -9"><span class='ocrx_word' id='word_1_25' title='bbox 186 423 235 449; x_wconf 78' lang='lat' dir='ltr'><strong>ex</strong></span> <span class='ocrx_word' id='word_1_26' title='bbox 260 409 407 448; x_wconf 82' lang='lat' dir='ltr'><strong>homine</strong></span> <span class='ocrx_word' id='word_1_27' title='bbox 433 405 590 458; x_wconf 84' lang='lat' dir='ltr'><strong>quodam</strong></span> <span class='ocrx_word' id='word_1_28' title='bbox 618 405 780 444; x_wconf 79' lang='lat' dir='ltr'><strong>Goloneo</strong></span> <span class='ocrx_word' id='word_1_29' title='bbox 815 404 977 454; x_wconf 82' lang='lat' dir='ltr'><strong>audivit,</strong></span> <span class='ocrx_word' id='word_1_30' title='bbox 1016 405 1244 454; x_wconf 79' lang='lat' dir='ltr'>remanebat,</span> <span class='ocrx_word' id='word_1_31' title='bbox 1270 403 1448 455; x_wconf 83' lang='lat' dir='ltr'><strong>&#39;quamvis</strong></span> <span class='ocrx_word' id='word_1_32' title='bbox 1485 403 1758 453; x_wconf 88' lang='lat' dir='ltr'><strong>admoneretur,</strong></span> <span class='ocrx_word' id='word_1_33' title='bbox 1796 412 1836 443; x_wconf 88' lang='lat' dir='ltr'><strong>ut</strong></span> <span class='ocrx_word' id='word_1_34' title='bbox 1873 418 1922 443; x_wconf 85' lang='lat' dir='ltr'><strong>ex</strong></span> <span class='ocrx_word' id='word_1_35' title='bbox 1957 402 2040 442; x_wconf 78' lang='lat' dir='ltr'><strong>loce</strong></span> 
     </span>
     <span class='ocr_line' id='line_1_5' title="bbox 187 464 2040 519; baseline -0.004 -8"><span class='ocrx_word' id='word_1_36' title='bbox 187 485 290 511; x_wconf 84' lang='lat' dir='ltr'><strong>sacro</strong></span> <span class='ocrx_word' id='word_1_37' title='bbox 314 469 534 508; x_wconf 81' lang='lat' dir='ltr'><strong>discederet.</strong></span> <span class='ocrx_word' id='word_1_38' title='bbox 591 469 685 506; x_wconf 87' lang='lat' dir='ltr'><strong>Nam</strong></span> <span class='ocrx_word' id='word_1_39' title='bbox 713 466 805 506; x_wconf 90' lang='lat' dir='ltr'><strong>deus</strong></span> <span class='ocrx_word' id='word_1_40' title='bbox 830 466 1084 519; x_wconf 79' lang='lat' dir='ltr'><strong>praedixerat,</strong></span> <span class='ocrx_word' id='word_1_41' title='bbox 1121 466 1349 506; x_wconf 87' lang='lat' dir='ltr'><strong>miseriarum</strong></span> <span class='ocrx_word' id='word_1_42' title='bbox 1386 466 1495 505; x_wconf 88' lang='lat' dir='ltr'><strong>finem</strong></span> <span class='ocrx_word' id='word_1_43' title='bbox 1532 466 1694 504; x_wconf 76' lang='lat' dir='ltr'><strong>futurum</strong></span> <span class='ocrx_word' id='word_1_44' title='bbox 1721 479 1822 512; x_wconf 85' lang='lat' dir='ltr'><strong>esse,</strong></span> <span class='ocrx_word' id='word_1_45' title='bbox 1860 465 1923 504; x_wconf 91' lang='lat' dir='ltr'><strong>ubi</strong></span> <span class='ocrx_word' id='word_1_46' title='bbox 1960 464 2040 517; x_wconf 87' lang='lat' dir='ltr'><strong>pri-</strong></span> 
     </span>
     <span class='ocr_line' id='line_1_6' title="bbox 186 526 2040 579; baseline -0.004 -7"><span class='ocrx_word' id='word_1_47' title='bbox 186 545 285 572; x_wconf 86' lang='lat' dir='ltr'><strong>mum</strong></span> <span class='ocrx_word' id='word_1_48' title='bbox 313 529 504 569; x_wconf 67' lang='lat' dir='ltr'><strong>Furiarum</strong></span> <span class='ocrx_word' id='word_1_49' title='bbox 531 528 658 568; x_wconf 88' lang='lat' dir='ltr'><strong>sedem</strong></span> <span class='ocrx_word' id='word_1_50' title='bbox 685 528 878 579; x_wconf 72' lang='lat' dir='ltr'><strong>attigisset.</strong></span> <span class='ocrx_word' id='word_1_51' title='bbox 942 531 1063 567; x_wconf 84' lang='lat' dir='ltr'><strong>Homo</strong></span> <span class='ocrx_word' id='word_1_52' title='bbox 1100 527 1212 577; x_wconf 77' lang='lat' dir='ltr'><strong>igitur</strong></span> <span class='ocrx_word' id='word_1_53' title='bbox 1252 527 1436 567; x_wconf 82' lang='lat' dir='ltr'><strong>Coloneus</strong></span> <span class='ocrx_word' id='word_1_54' title='bbox 1473 526 1640 566; x_wconf 75' lang='lat' dir='ltr'><strong>discessit</strong></span> <span class='ocrx_word' id='word_1_55' title='bbox 1666 526 1713 566; x_wconf 87' lang='lat' dir='ltr'><strong>ad</strong></span> <span class='ocrx_word' id='word_1_56' title='bbox 1740 526 1840 566; x_wconf 83' lang='lat' dir='ltr'><strong>cives</strong></span> <span class='ocrx_word' id='word_1_57' title='bbox 1866 540 1953 565; x_wconf 89' lang='lat' dir='ltr'><strong>suos</strong></span> <span class='ocrx_word' id='word_1_58' title='bbox 1978 539 2040 564; x_wconf 87' lang='lat' dir='ltr'><strong>ar-</strong></span> 
     </span>
     <span class='ocr_line' id='line_1_7' title="bbox 187 588 2041 643; baseline -0.002 -11"><span class='ocrx_word' id='word_1_59' title='bbox 187 592 396 643; x_wconf 85' lang='lat' dir='ltr'><strong>cessendos,</strong></span> <span class='ocrx_word' id='word_1_60' title='bbox 422 600 463 631; x_wconf 88' lang='lat' dir='ltr'><strong>ut</strong></span> <span class='ocrx_word' id='word_1_61' title='bbox 490 591 537 630; x_wconf 87' lang='lat' dir='ltr'><strong>de</strong></span> <span class='ocrx_word' id='word_1_62' title='bbox 562 589 721 642; x_wconf 88' lang='lat' dir='ltr'><strong>hospite,</strong></span> <span class='ocrx_word' id='word_1_63' title='bbox 747 590 810 641; x_wconf 91' lang='lat' dir='ltr'><strong>qui</strong></span> <span class='ocrx_word' id='word_1_64' title='bbox 837 589 1102 629; x_wconf 78' lang='lat' dir='ltr'><strong>sanctissimam</strong></span> <span class='ocrx_word' id='word_1_65' title='bbox 1122 589 1312 629; x_wconf 85' lang='lat' dir='ltr'><strong>Furiarum</strong></span> <span class='ocrx_word' id='word_1_66' title='bbox 1341 589 1464 628; x_wconf 89' lang='lat' dir='ltr'><strong>sedem</strong></span> <span class='ocrx_word' id='word_1_67' title='bbox 1492 589 1641 638; x_wconf 85' lang='lat' dir='ltr'><strong>adisset,</strong></span> <span class='ocrx_word' id='word_1_68' title='bbox 1666 588 1842 627; x_wconf 89' lang='lat' dir='ltr'><strong>iudicium</strong></span> <span class='ocrx_word' id='word_1_69' title='bbox 1868 588 2041 628; x_wconf 79' lang='lat' dir='ltr'><strong>facerent.</strong></span> 
     </span>
     <span class='ocr_line' id='line_1_8' title="bbox 191 650 2040 704; baseline -0.003 -11"><span class='ocrx_word' id='word_1_70' title='bbox 191 653 267 702; x_wconf 80' lang='lat' dir='ltr'><strong>Qui</strong></span> <span class='ocrx_word' id='word_1_71' title='bbox 293 653 471 699; x_wconf 85' lang='lat' dir='ltr'><strong>arcessiti,</strong></span> <span class='ocrx_word' id='word_1_72' title='bbox 500 666 610 701; x_wconf 88' lang='lat' dir='ltr'><strong>quum</strong></span> <span class='ocrx_word' id='word_1_73' title='bbox 638 652 905 702; x_wconf 86' lang='lat' dir='ltr'><strong>cognovissent,</strong></span> <span class='ocrx_word' id='word_1_74' title='bbox 932 652 1112 704; x_wconf 81' lang='lat' dir='ltr'><strong>hospitem</strong></span> <span class='ocrx_word' id='word_1_75' title='bbox 1141 666 1222 690; x_wconf 89' lang='lat' dir='ltr'><strong>esse</strong></span> <span class='ocrx_word' id='word_1_76' title='bbox 1249 651 1434 703; x_wconf 83' lang='lat' dir='ltr'><strong>Oedipum</strong></span> <span class='ocrx_word' id='word_1_77' title='bbox 1461 651 1580 700; x_wconf 90' lang='lat' dir='ltr'><strong>illum,</strong></span> <span class='ocrx_word' id='word_1_78' title='bbox 1608 651 1671 699; x_wconf 88' lang='lat' dir='ltr'><strong>qui</strong></span> <span class='ocrx_word' id='word_1_79' title='bbox 1698 660 1734 689; x_wconf 89' lang='lat' dir='ltr'><strong>et</strong></span> <span class='ocrx_word' id='word_1_80' title='bbox 1760 660 1901 702; x_wconf 85' lang='lat' dir='ltr'><strong>patrem</strong></span> <span class='ocrx_word' id='word_1_81' title='bbox 1927 650 2040 688; x_wconf 89' lang='lat' dir='ltr'><strong>inter·</strong></span> 
     </span>
     <span class='ocr_line' id='line_1_9' title="bbox 187 711 2040 766; baseline -0.003 -11"><span class='ocrx_word' id='word_1_82' title='bbox 187 715 333 756; x_wconf 73' lang='lat' dir='ltr'><strong>fecisset</strong></span> <span class='ocrx_word' id='word_1_83' title='bbox 359 724 395 755; x_wconf 91' lang='lat' dir='ltr'><strong>et</strong></span> <span class='ocrx_word' id='word_1_84' title='bbox 420 723 571 754; x_wconf 86' lang='lat' dir='ltr'><strong>matrem</strong></span> <span class='ocrx_word' id='word_1_85' title='bbox 597 727 747 752; x_wconf 84' lang='lat' dir='ltr'><strong>uxorem</strong></span> <span class='ocrx_word' id='word_1_86' title='bbox 775 713 983 764; x_wconf 83' lang='lat' dir='ltr'><strong>habuisset,</strong></span> <span class='ocrx_word' id='word_1_87' title='bbox 1021 728 1103 752; x_wconf 89' lang='lat' dir='ltr'><strong>eum</strong></span> <span class='ocrx_word' id='word_1_88' title='bbox 1132 713 1280 765; x_wconf 86' lang='lat' dir='ltr'><strong>abigere</strong></span> <span class='ocrx_word' id='word_1_89' title='bbox 1307 722 1522 766; x_wconf 88' lang='lat' dir='ltr'><strong>coeperunt,</strong></span> <span class='ocrx_word' id='word_1_90' title='bbox 1558 712 1683 762; x_wconf 79' lang='lat' dir='ltr'><strong>veriti,</strong></span> <span class='ocrx_word' id='word_1_91' title='bbox 1710 726 1756 751; x_wconf 89' lang='lat' dir='ltr'><strong>ne</strong></span> <span class='ocrx_word' id='word_1_92' title='bbox 1783 711 1872 764; x_wconf 90' lang='lat' dir='ltr'><strong>quid</strong></span> <span class='ocrx_word' id='word_1_93' title='bbox 1899 711 2040 750; x_wconf 92' lang='lat' dir='ltr'><strong>incom-</strong></span> 
     </span>
     <span class='ocr_line' id='line_1_10' title="bbox 188 773 2041 829; baseline -0.002 -13"><span class='ocrx_word' id='word_1_94' title='bbox 188 777 288 816; x_wconf 85' lang='lat' dir='ltr'><strong>modi</strong></span> <span class='ocrx_word' id='word_1_95' title='bbox 326 776 467 829; x_wconf 82' lang='lat' dir='ltr'><strong>patriae</strong></span> <span class='ocrx_word' id='word_1_96' title='bbox 505 774 674 825; x_wconf 85' lang='lat' dir='ltr'><strong>contagio</strong></span> <span class='ocrx_word' id='word_1_97' title='bbox 712 775 792 813; x_wconf 87' lang='lat' dir='ltr'><strong>eius</strong></span> <span class='ocrx_word' id='word_1_98' title='bbox 828 776 988 814; x_wconf 80' lang='lat' dir='ltr'><strong>afferret.</strong></span> <span class='ocrx_word' id='word_1_99' title='bbox 1064 775 1139 814; x_wconf 89' lang='lat' dir='ltr'><strong>Sed</strong></span> <span class='ocrx_word' id='word_1_100' title='bbox 1178 785 1213 814; x_wconf 89' lang='lat' dir='ltr'><strong>et</strong></span> <span class='ocrx_word' id='word_1_101' title='bbox 1251 776 1458 824; x_wconf 79' lang='lat' dir='ltr'><strong>Antigonae</strong></span> <span class='ocrx_word' id='word_1_102' title='bbox 1494 774 1664 826; x_wconf 88' lang='lat' dir='ltr'><strong>precibus</strong></span> <span class='ocrx_word' id='word_1_103' title='bbox 1702 773 1861 813; x_wconf 86' lang='lat' dir='ltr'><strong>maxime</strong></span> <span class='ocrx_word' id='word_1_104' title='bbox 1895 774 1969 825; x_wconf 88' lang='lat' dir='ltr'><strong>piis</strong></span> <span class='ocrx_word' id='word_1_105' title='bbox 2005 783 2041 813; x_wconf 86' lang='lat' dir='ltr'><strong>et</strong></span> 
     </span>
     <span class='ocr_line' id='line_1_11' title="bbox 188 833 2041 890; baseline -0.002 -14"><span class='ocrx_word' id='word_1_106' title='bbox 188 837 325 890; x_wconf 86' lang='lat' dir='ltr'><strong>Oedipi</strong></span> <span class='ocrx_word' id='word_1_107' title='bbox 361 836 545 883; x_wconf 89' lang='lat' dir='ltr'><strong>oratione,</strong></span> <span class='ocrx_word' id='word_1_108' title='bbox 593 850 633 875; x_wconf 87' lang='lat' dir='ltr'><strong>se</strong></span> <span class='ocrx_word' id='word_1_109' title='bbox 671 849 744 874; x_wconf 91' lang='lat' dir='ltr'><strong>non</strong></span> <span class='ocrx_word' id='word_1_110' title='bbox 791 835 870 875; x_wconf 89' lang='lat' dir='ltr'><strong>sine</strong></span> <span class='ocrx_word' id='word_1_111' title='bbox 908 835 1151 875; x_wconf 87' lang='lat' dir='ltr'><strong>emolumento</strong></span> <span class='ocrx_word' id='word_1_112' title='bbox 1189 835 1313 887; x_wconf 88' lang='lat' dir='ltr'><strong>aliquo</strong></span> <span class='ocrx_word' id='word_1_113' title='bbox 1353 836 1400 874; x_wconf 88' lang='lat' dir='ltr'><strong>ab</strong></span> <span class='ocrx_word' id='word_1_114' title='bbox 1439 833 1725 874; x_wconf 85' lang='lat' dir='ltr'><strong>Atheniensibus</strong></span> <span class='ocrx_word' id='word_1_115' title='bbox 1761 843 1947 887; x_wconf 75' lang='lat' dir='ltr'><strong>receptum</strong></span> <span class='ocrx_word' id='word_1_116' title='bbox 1983 834 2041 883; x_wconf 91' lang='lat' dir='ltr'><strong>iri,</strong></span> 
     </span>
     <span class='ocr_line' id='line_1_12' title="bbox 190 895 2042 949; baseline -0.001 -12"><span class='ocrx_word' id='word_1_117' title='bbox 190 897 377 948; x_wconf 90' lang='lat' dir='ltr'><strong>commoti,</strong></span> <span class='ocrx_word' id='word_1_118' title='bbox 416 912 560 938; x_wconf 88' lang='lat' dir='ltr'><strong>omnem</strong></span> <span class='ocrx_word' id='word_1_119' title='bbox 597 911 672 937; x_wconf 88' lang='lat' dir='ltr'><strong>rem</strong></span> <span class='ocrx_word' id='word_1_120' title='bbox 709 898 873 948; x_wconf 87' lang='lat' dir='ltr'><strong>Theseo,</strong></span> <span class='ocrx_word' id='word_1_121' title='bbox 911 897 992 949; x_wconf 84' lang='lat' dir='ltr'><strong>regi</strong></span> <span class='ocrx_word' id='word_1_122' title='bbox 1028 912 1114 948; x_wconf 84' lang='lat' dir='ltr'><strong>suo,</strong></span> <span class='ocrx_word' id='word_1_123' title='bbox 1154 897 1424 936; x_wconf 85' lang='lat' dir='ltr'><strong>diiudicandam</strong></span> <span class='ocrx_word' id='word_1_124' title='bbox 1452 896 1687 936; x_wconf 86' lang='lat' dir='ltr'><strong>committunt.</strong></span> <span class='ocrx_word' id='word_1_125' title='bbox 1751 895 1918 946; x_wconf 84' lang='lat' dir='ltr'><strong>Interim,</strong></span> <span class='ocrx_word' id='word_1_126' title='bbox 1955 896 2042 935; x_wconf 90' lang='lat' dir='ltr'><strong>dum</strong></span> 
     </span>
    </p>
   </div>
   <div class='ocr_carea' id='block_1_3' title="bbox 188 958 2046 1930">
    <p class='ocr_par' dir='ltr' id='par_1_3' title="bbox 188 958 2046 1930">
     <span class='ocr_line' id='line_1_13' title="bbox 188 958 2041 1010; baseline 0 -12"><span class='ocrx_word' id='word_1_127' title='bbox 188 959 282 999; x_wconf 83' lang='lat' dir='ltr'><strong>haec</strong></span> <span class='ocrx_word' id='word_1_128' title='bbox 329 969 521 1010; x_wconf 88' lang='lat' dir='ltr'><strong>geruntur,</strong></span> <span class='ocrx_word' id='word_1_129' title='bbox 568 962 729 1009; x_wconf 76' lang='lat' dir='ltr'><strong>Ismene,</strong></span> <span class='ocrx_word' id='word_1_130' title='bbox 778 960 893 998; x_wconf 87' lang='lat' dir='ltr'><strong>altera</strong></span> <span class='ocrx_word' id='word_1_131' title='bbox 931 958 1070 1010; x_wconf 86' lang='lat' dir='ltr'><strong>Oedipi</strong></span> <span class='ocrx_word' id='word_1_132' title='bbox 1107 959 1206 1006; x_wconf 90' lang='lat' dir='ltr'><strong>filia,</strong></span> <span class='ocrx_word' id='word_1_133' title='bbox 1254 959 1376 1004; x_wconf 87' lang='lat' dir='ltr'><strong>adest,</strong></span> <span class='ocrx_word' id='word_1_134' title='bbox 1424 958 1520 1009; x_wconf 87' lang='lat' dir='ltr'><strong>patri</strong></span> <span class='ocrx_word' id='word_1_135' title='bbox 1563 958 1791 1007; x_wconf 84' lang='lat' dir='ltr'><strong>nuntiatura,</strong></span> <span class='ocrx_word' id='word_1_136' title='bbox 1841 958 2041 998; x_wconf 78' lang='lat' dir='ltr'><strong>Thebanos</strong></span> 
     </span>
     <span class='ocr_line' id='line_1_14' title="bbox 189 1018 2042 1070; baseline 0 -11"><span class='ocrx_word' id='word_1_137' title='bbox 189 1028 361 1060; x_wconf 79' lang='lat' dir='ltr'><strong>venturos</strong></span> <span class='ocrx_word' id='word_1_138' title='bbox 388 1034 470 1059; x_wconf 92' lang='lat' dir='ltr'><strong>esse</strong></span> <span class='ocrx_word' id='word_1_139' title='bbox 496 1020 545 1058; x_wconf 82' lang='lat' dir='ltr'><strong>ad</strong></span> <span class='ocrx_word' id='word_1_140' title='bbox 572 1033 654 1057; x_wconf 90' lang='lat' dir='ltr'><strong>eum</strong></span> <span class='ocrx_word' id='word_1_141' title='bbox 679 1019 958 1067; x_wconf 84' lang='lat' dir='ltr'><strong>retrahendum3</strong></span> <span class='ocrx_word' id='word_1_142' title='bbox 1007 1032 1091 1056; x_wconf 88' lang='lat' dir='ltr'><strong>nam</strong></span> <span class='ocrx_word' id='word_1_143' title='bbox 1117 1019 1265 1057; x_wconf 84' lang='lat' dir='ltr'><strong>oraculo</strong></span> <span class='ocrx_word' id='word_1_144' title='bbox 1297 1018 1502 1057; x_wconf 87' lang='lat' dir='ltr'><strong>admonitos</strong></span> <span class='ocrx_word' id='word_1_145' title='bbox 1529 1032 1629 1067; x_wconf 88' lang='lat' dir='ltr'><strong>esse,</strong></span> <span class='ocrx_word' id='word_1_146' title='bbox 1666 1018 1698 1056; x_wconf 88' lang='lat' dir='ltr'><strong>si</strong></span> <span class='ocrx_word' id='word_1_147' title='bbox 1736 1019 1921 1070; x_wconf 86' lang='lat' dir='ltr'><strong>Oedipum</strong></span> <span class='ocrx_word' id='word_1_148' title='bbox 1957 1020 2042 1059; x_wconf 87' lang='lat' dir='ltr'><strong>aliis</strong></span> 
     </span>
     <span class='ocr_line' id='line_1_15' title="bbox 190 1078 2044 1133; baseline 0 -13"><span class='ocrx_word' id='word_1_149' title='bbox 190 1080 441 1133; x_wconf 88' lang='lat' dir='ltr'><strong>sepeliendum</strong></span> <span class='ocrx_word' id='word_1_150' title='bbox 467 1080 729 1133; x_wconf 84' lang='lat' dir='ltr'><strong>permisissent,</strong></span> <span class='ocrx_word' id='word_1_151' title='bbox 756 1079 955 1118; x_wconf 85' lang='lat' dir='ltr'><strong>calamitati</strong></span> <span class='ocrx_word' id='word_1_152' title='bbox 973 1079 1012 1117; x_wconf 86' lang='lat' dir='ltr'><strong>id</strong></span> <span class='ocrx_word' id='word_1_153' title='bbox 1032 1079 1124 1130; x_wconf 90' lang='lat' dir='ltr'><strong>ipsis</strong></span> <span class='ocrx_word' id='word_1_154' title='bbox 1144 1080 1234 1119; x_wconf 81' lang='lat' dir='ltr'><strong>sore.</strong></span> <span class='ocrx_word' id='word_1_155' title='bbox 1276 1080 1421 1127; x_wconf 76' lang='lat' dir='ltr'><strong>Quibus</strong></span> <span class='ocrx_word' id='word_1_156' title='bbox 1441 1080 1550 1118; x_wconf 87' lang='lat' dir='ltr'><strong>rebus</strong></span> <span class='ocrx_word' id='word_1_157' title='bbox 1570 1079 1618 1117; x_wconf 91' lang='lat' dir='ltr'><strong>ad</strong></span> <span class='ocrx_word' id='word_1_158' title='bbox 1637 1078 1923 1120; x_wconf 87' lang='lat' dir='ltr'><strong>misericordiam</strong></span> <span class='ocrx_word' id='word_1_159' title='bbox 1943 1095 2044 1120; x_wconf 89' lang='lat' dir='ltr'><strong>com-</strong></span> 
     </span>
     <span class='ocr_line' id='line_1_16' title="bbox 190 1139 2042 1193; baseline 0 -11"><span class='ocrx_word' id='word_1_160' title='bbox 190 1152 329 1191; x_wconf 86' lang='lat' dir='ltr'><strong>motus,</strong></span> <span class='ocrx_word' id='word_1_161' title='bbox 358 1141 501 1181; x_wconf 86' lang='lat' dir='ltr'><strong>Chorus</strong></span> <span class='ocrx_word' id='word_1_162' title='bbox 528 1140 644 1190; x_wconf 84' lang='lat' dir='ltr'><strong>(cives</strong></span> <span class='ocrx_word' id='word_1_163' title='bbox 670 1149 790 1178; x_wconf 83' lang='lat' dir='ltr'><strong>autem</strong></span> <span class='ocrx_word' id='word_1_164' title='bbox 817 1139 981 1179; x_wconf 87' lang='lat' dir='ltr'><strong>arcessiti</strong></span> <span class='ocrx_word' id='word_1_165' title='bbox 1007 1139 1121 1179; x_wconf 89' lang='lat' dir='ltr'><strong>Chori</strong></span> <span class='ocrx_word' id='word_1_166' title='bbox 1147 1149 1269 1193; x_wconf 86' lang='lat' dir='ltr'><strong>partes</strong></span> <span class='ocrx_word' id='word_1_167' title='bbox 1296 1141 1429 1191; x_wconf 83' lang='lat' dir='ltr'><strong>agunt)</strong></span> <span class='ocrx_word' id='word_1_168' title='bbox 1457 1139 1576 1191; x_wconf 85' lang='lat' dir='ltr'><strong>magis</strong></span> <span class='ocrx_word' id='word_1_169' title='bbox 1603 1140 1794 1191; x_wconf 85' lang='lat' dir='ltr'><strong>magisque</strong></span> <span class='ocrx_word' id='word_1_170' title='bbox 1819 1140 1857 1179; x_wconf 90' lang='lat' dir='ltr'><strong>in</strong></span> <span class='ocrx_word' id='word_1_171' title='bbox 1884 1142 2042 1192; x_wconf 85' lang='lat' dir='ltr'><strong>gratiam</strong></span> 
     </span>
     <span class='ocr_line' id='line_1_17' title="bbox 189 1200 2044 1255; baseline 0.001 -14"><span class='ocrx_word' id='word_1_172' title='bbox 189 1216 272 1242; x_wconf 83' lang='lat' dir='ltr'><strong>cum</strong></span> <span class='ocrx_word' id='word_1_173' title='bbox 307 1201 453 1255; x_wconf 87' lang='lat' dir='ltr'><strong>Oedipo</strong></span> <span class='ocrx_word' id='word_1_174' title='bbox 488 1201 596 1242; x_wconf 83' lang='lat' dir='ltr'><strong>redit.</strong></span> <span class='ocrx_word' id='word_1_175' title='bbox 658 1201 787 1240; x_wconf 82' lang='lat' dir='ltr'><strong>Amice</strong></span> <span class='ocrx_word' id='word_1_176' title='bbox 822 1200 1055 1250; x_wconf 80' lang='lat' dir='ltr'><strong>adhortatus,</strong></span> <span class='ocrx_word' id='word_1_177' title='bbox 1093 1215 1165 1251; x_wconf 91' lang='lat' dir='ltr'><strong>quo</strong></span> <span class='ocrx_word' id='word_1_178' title='bbox 1200 1201 1274 1239; x_wconf 88' lang='lat' dir='ltr'><strong>ritu</strong></span> <span class='ocrx_word' id='word_1_179' title='bbox 1310 1202 1358 1240; x_wconf 89' lang='lat' dir='ltr'><strong>ad</strong></span> <span class='ocrx_word' id='word_1_180' title='bbox 1395 1201 1534 1240; x_wconf 89' lang='lat' dir='ltr'><strong>scelera</strong></span> <span class='ocrx_word' id='word_1_181' title='bbox 1570 1201 1755 1253; x_wconf 84' lang='lat' dir='ltr'><strong>expianda</strong></span> <span class='ocrx_word' id='word_1_182' title='bbox 1791 1202 1913 1241; x_wconf 84' lang='lat' dir='ltr'><strong>Furiis</strong></span> <span class='ocrx_word' id='word_1_183' title='bbox 1939 1217 2044 1243; x_wconf 84' lang='lat' dir='ltr'><strong>sacra</strong></span> 
     </span>
     <span class='ocr_line' id='line_1_18' title="bbox 189 1261 2045 1316; baseline 0 -13"><span class='ocrx_word' id='word_1_184' title='bbox 189 1263 360 1304; x_wconf 79' lang='lat' dir='ltr'><strong>facienda</strong></span> <span class='ocrx_word' id='word_1_185' title='bbox 385 1271 527 1309; x_wconf 88' lang='lat' dir='ltr'><strong>essent,</strong></span> <span class='ocrx_word' id='word_1_186' title='bbox 563 1261 675 1315; x_wconf 87' lang='lat' dir='ltr'><strong>petit,</strong></span> <span class='ocrx_word' id='word_1_187' title='bbox 712 1269 753 1301; x_wconf 88' lang='lat' dir='ltr'><strong>ut</strong></span> <span class='ocrx_word' id='word_1_188' title='bbox 789 1261 966 1301; x_wconf 86' lang='lat' dir='ltr'><strong>scelerum</strong></span> <span class='ocrx_word' id='word_1_189' title='bbox 1003 1276 1152 1301; x_wconf 89' lang='lat' dir='ltr'><strong>suorum</strong></span> <span class='ocrx_word' id='word_1_190' title='bbox 1187 1261 1363 1301; x_wconf 84' lang='lat' dir='ltr'><strong>rationem</strong></span> <span class='ocrx_word' id='word_1_191' title='bbox 1391 1261 1594 1302; x_wconf 83' lang='lat' dir='ltr'><strong>accuratius</strong></span> <span class='ocrx_word' id='word_1_192' title='bbox 1620 1262 1829 1315; x_wconf 78' lang='lat' dir='ltr'><strong>patefaciat.</strong></span> <span class='ocrx_word' id='word_1_193' title='bbox 1882 1264 2045 1316; x_wconf 83' lang='lat' dir='ltr'><strong>Roganti</strong></span> 
     </span>
     <span class='ocr_line' id='line_1_19' title="bbox 192 1322 2045 1379; baseline 0.001 -14"><span class='ocrx_word' id='word_1_194' title='bbox 192 1325 360 1379; x_wconf 86' lang='lat' dir='ltr'><strong>Oedipus</strong></span> <span class='ocrx_word' id='word_1_195' title='bbox 385 1324 438 1364; x_wconf 85' lang='lat' dir='ltr'><strong>ita</strong></span> <span class='ocrx_word' id='word_1_196' title='bbox 463 1338 600 1363; x_wconf 89' lang='lat' dir='ltr'><strong>morem</strong></span> <span class='ocrx_word' id='word_1_197' title='bbox 625 1322 734 1376; x_wconf 85' lang='lat' dir='ltr'><strong>gerit,</strong></span> <span class='ocrx_word' id='word_1_198' title='bbox 770 1332 810 1363; x_wconf 90' lang='lat' dir='ltr'><strong>ut</strong></span> <span class='ocrx_word' id='word_1_199' title='bbox 834 1337 953 1375; x_wconf 86' lang='lat' dir='ltr'><strong>neque</strong></span> <span class='ocrx_word' id='word_1_200' title='bbox 980 1324 1120 1363; x_wconf 87' lang='lat' dir='ltr'><strong>scelera</strong></span> <span class='ocrx_word' id='word_1_201' title='bbox 1146 1324 1195 1364; x_wconf 90' lang='lat' dir='ltr'><strong>ab</strong></span> <span class='ocrx_word' id='word_1_202' title='bbox 1220 1338 1261 1363; x_wconf 87' lang='lat' dir='ltr'><strong>se</strong></span> <span class='ocrx_word' id='word_1_203' title='bbox 1287 1324 1483 1364; x_wconf 86' lang='lat' dir='ltr'><strong>commissa</strong></span> <span class='ocrx_word' id='word_1_204' title='bbox 1508 1338 1590 1364; x_wconf 84' lang='lat' dir='ltr'><strong>esse</strong></span> <span class='ocrx_word' id='word_1_205' title='bbox 1617 1333 1729 1376; x_wconf 86' lang='lat' dir='ltr'><strong>neget</strong></span> <span class='ocrx_word' id='word_1_206' title='bbox 1754 1334 1790 1363; x_wconf 89' lang='lat' dir='ltr'><strong>et</strong></span> <span class='ocrx_word' id='word_1_207' title='bbox 1814 1324 2045 1366; x_wconf 88' lang='lat' dir='ltr'><strong>innocentem</strong></span> 
     </span>
     <span class='ocr_line' id='line_1_20' title="bbox 191 1385 2045 1441; baseline 0 -13"><span class='ocrx_word' id='word_1_208' title='bbox 191 1403 232 1428; x_wconf 86' lang='lat' dir='ltr'><strong>se</strong></span> <span class='ocrx_word' id='word_1_209' title='bbox 269 1402 349 1427; x_wconf 84' lang='lat' dir='ltr'><strong>esse</strong></span> <span class='ocrx_word' id='word_1_210' title='bbox 386 1386 620 1440; x_wconf 82' lang='lat' dir='ltr'><strong>persuadeat.</strong></span> <span class='ocrx_word' id='word_1_211' title='bbox 683 1385 760 1424; x_wconf 86' lang='lat' dir='ltr'><strong>Sed</strong></span> <span class='ocrx_word' id='word_1_212' title='bbox 797 1385 939 1425; x_wconf 89' lang='lat' dir='ltr'><strong>accedit</strong></span> <span class='ocrx_word' id='word_1_213' title='bbox 975 1385 1161 1437; x_wconf 87' lang='lat' dir='ltr'><strong>Theseus,</strong></span> <span class='ocrx_word' id='word_1_214' title='bbox 1200 1401 1313 1438; x_wconf 91' lang='lat' dir='ltr'><strong>quum</strong></span> <span class='ocrx_word' id='word_1_215' title='bbox 1348 1386 1471 1426; x_wconf 87' lang='lat' dir='ltr'><strong>animo</strong></span> <span class='ocrx_word' id='word_1_216' title='bbox 1498 1385 1602 1435; x_wconf 88' lang='lat' dir='ltr'><strong>sorti,</strong></span> <span class='ocrx_word' id='word_1_217' title='bbox 1640 1401 1712 1438; x_wconf 90' lang='lat' dir='ltr'><strong>quo</strong></span> <span class='ocrx_word' id='word_1_218' title='bbox 1739 1386 1909 1427; x_wconf 88' lang='lat' dir='ltr'><strong>omnibus</strong></span> <span class='ocrx_word' id='word_1_219' title='bbox 1934 1402 2045 1441; x_wconf 88' lang='lat' dir='ltr'><strong>prae-</strong></span> 
     </span>
     <span class='ocr_line' id='line_1_21' title="bbox 192 1447 2043 1503; baseline -0.001 -13"><span class='ocrx_word' id='word_1_220' title='bbox 192 1451 325 1499; x_wconf 82' lang='lat' dir='ltr'><strong>stabat,</strong></span> <span class='ocrx_word' id='word_1_221' title='bbox 351 1458 426 1488; x_wconf 93' lang='lat' dir='ltr'><strong>tum</strong></span> <span class='ocrx_word' id='word_1_222' title='bbox 453 1461 511 1498; x_wconf 88' lang='lat' dir='ltr'><strong>ea,</strong></span> <span class='ocrx_word' id='word_1_223' title='bbox 538 1461 634 1499; x_wconf 90' lang='lat' dir='ltr'><strong>quae</strong></span> <span class='ocrx_word' id='word_1_224' title='bbox 659 1447 825 1487; x_wconf 87' lang='lat' dir='ltr'><strong>homines</strong></span> <span class='ocrx_word' id='word_1_225' title='bbox 851 1447 968 1497; x_wconf 91' lang='lat' dir='ltr'><strong>decet,</strong></span> <span class='ocrx_word' id='word_1_226' title='bbox 994 1448 1234 1501; x_wconf 86' lang='lat' dir='ltr'><strong>temperantia</strong></span> <span class='ocrx_word' id='word_1_227' title='bbox 1261 1462 1305 1488; x_wconf 86' lang='lat' dir='ltr'><strong>ac</strong></span> <span class='ocrx_word' id='word_1_228' title='bbox 1329 1448 1509 1487; x_wconf 87' lang='lat' dir='ltr'><strong>modestia</strong></span> <span class='ocrx_word' id='word_1_229' title='bbox 1535 1447 1706 1499; x_wconf 83' lang='lat' dir='ltr'><strong>insignis.</strong></span> <span class='ocrx_word' id='word_1_230' title='bbox 1758 1451 1795 1488; x_wconf 87' lang='lat' dir='ltr'><strong>1s</strong></span> <span class='ocrx_word' id='word_1_231' title='bbox 1821 1450 1870 1489; x_wconf 86' lang='lat' dir='ltr'><strong>ab</strong></span> <span class='ocrx_word' id='word_1_232' title='bbox 1897 1450 2043 1503; x_wconf 88' lang='lat' dir='ltr'><strong>Oedipo</strong></span> 
     </span>
     <span class='ocr_line' id='line_1_22' title="bbox 192 1510 2045 1563; baseline -0.001 -12"><span class='ocrx_word' id='word_1_233' title='bbox 192 1520 384 1560; x_wconf 80' lang='lat' dir='ltr'><strong>exoratus,</strong></span> <span class='ocrx_word' id='word_1_234' title='bbox 420 1518 460 1548; x_wconf 91' lang='lat' dir='ltr'><strong>ut</strong></span> <span class='ocrx_word' id='word_1_235' title='bbox 484 1522 526 1548; x_wconf 83' lang='lat' dir='ltr'><strong>se</strong></span> <span class='ocrx_word' id='word_1_236' title='bbox 550 1517 735 1562; x_wconf 84' lang='lat' dir='ltr'><strong>receptum</strong></span> <span class='ocrx_word' id='word_1_237' title='bbox 761 1517 922 1548; x_wconf 79' lang='lat' dir='ltr'><strong>tueretur</strong></span> <span class='ocrx_word' id='word_1_238' title='bbox 947 1518 984 1548; x_wconf 90' lang='lat' dir='ltr'><strong>et</strong></span> <span class='ocrx_word' id='word_1_239' title='bbox 1009 1519 1189 1549; x_wconf 88' lang='lat' dir='ltr'><strong>mortuum</strong></span> <span class='ocrx_word' id='word_1_240' title='bbox 1215 1511 1384 1563; x_wconf 89' lang='lat' dir='ltr'><strong>sepulcro</strong></span> <span class='ocrx_word' id='word_1_241' title='bbox 1411 1510 1603 1556; x_wconf 87' lang='lat' dir='ltr'><strong>conderet,</strong></span> <span class='ocrx_word' id='word_1_242' title='bbox 1638 1518 1833 1562; x_wconf 83' lang='lat' dir='ltr'><strong>postquam</strong></span> <span class='ocrx_word' id='word_1_243' title='bbox 1859 1512 2045 1562; x_wconf 82' lang='lat' dir='ltr'><strong>coguovit,</strong></span> 
     </span>
     <span class='ocr_line' id='line_1_23' title="bbox 193 1569 2046 1626; baseline -0.001 -14"><span class='ocrx_word' id='word_1_244' title='bbox 193 1572 378 1626; x_wconf 88' lang='lat' dir='ltr'><strong>Oedipum</strong></span> <span class='ocrx_word' id='word_1_245' title='bbox 403 1579 589 1623; x_wconf 86' lang='lat' dir='ltr'><strong>receptum</strong></span> <span class='ocrx_word' id='word_1_246' title='bbox 625 1578 663 1609; x_wconf 85' lang='lat' dir='ltr'><strong>et</strong></span> <span class='ocrx_word' id='word_1_247' title='bbox 687 1570 726 1608; x_wconf 90' lang='lat' dir='ltr'><strong>in</strong></span> <span class='ocrx_word' id='word_1_248' title='bbox 752 1569 888 1610; x_wconf 88' lang='lat' dir='ltr'><strong>finibus</strong></span> <span class='ocrx_word' id='word_1_249' title='bbox 912 1570 1043 1610; x_wconf 87' lang='lat' dir='ltr'><strong>Atticis</strong></span> <span class='ocrx_word' id='word_1_250' title='bbox 1070 1572 1254 1623; x_wconf 85' lang='lat' dir='ltr'><strong>sepultum</strong></span> <span class='ocrx_word' id='word_1_251' title='bbox 1281 1570 1569 1610; x_wconf 85' lang='lat' dir='ltr'><strong>Atheniensibus</strong></span> <span class='ocrx_word' id='word_1_252' title='bbox 1600 1570 1638 1609; x_wconf 89' lang='lat' dir='ltr'><strong>in</strong></span> <span class='ocrx_word' id='word_1_253' title='bbox 1666 1570 1766 1609; x_wconf 89' lang='lat' dir='ltr'><strong>bello</strong></span> <span class='ocrx_word' id='word_1_254' title='bbox 1792 1581 1916 1611; x_wconf 82' lang='lat' dir='ltr'><strong>contra</strong></span> <span class='ocrx_word' id='word_1_255' title='bbox 1942 1572 2046 1611; x_wconf 85' lang='lat' dir='ltr'><strong>The-</strong></span> 
     </span>
     <span class='ocr_line' id='line_1_24' title="bbox 192 1630 2044 1686; baseline 0 -13"><span class='ocrx_word' id='word_1_256' title='bbox 192 1635 309 1674; x_wconf 82' lang='lat' dir='ltr'><strong>banos</strong></span> <span class='ocrx_word' id='word_1_257' title='bbox 335 1632 535 1682; x_wconf 87' lang='lat' dir='ltr'><strong>aliquando</strong></span> <span class='ocrx_word' id='word_1_258' title='bbox 570 1630 681 1672; x_wconf 83' lang='lat' dir='ltr'><strong>saluti</strong></span> <span class='ocrx_word' id='word_1_259' title='bbox 708 1630 868 1670; x_wconf 78' lang='lat' dir='ltr'><strong>futurum</strong></span> <span class='ocrx_word' id='word_1_260' title='bbox 894 1645 994 1678; x_wconf 87' lang='lat' dir='ltr'><strong>esse,</strong></span> <span class='ocrx_word' id='word_1_261' title='bbox 1030 1631 1068 1670; x_wconf 89' lang='lat' dir='ltr'><strong>in</strong></span> <span class='ocrx_word' id='word_1_262' title='bbox 1094 1632 1204 1671; x_wconf 85' lang='lat' dir='ltr'><strong>fidem</strong></span> <span class='ocrx_word' id='word_1_263' title='bbox 1229 1632 1359 1685; x_wconf 85' lang='lat' dir='ltr'><strong>recipit</strong></span> <span class='ocrx_word' id='word_1_264' title='bbox 1393 1631 1647 1683; x_wconf 80' lang='lat' dir='ltr'><strong>auxiliumque</strong></span> <span class='ocrx_word' id='word_1_265' title='bbox 1672 1632 1863 1684; x_wconf 87' lang='lat' dir='ltr'><strong>promittit.</strong></span> <span class='ocrx_word' id='word_1_266' title='bbox 1914 1636 2044 1686; x_wconf 78' lang='lat' dir='ltr'><strong>ltaque</strong></span> 
     </span>
     <span class='ocr_line' id='line_1_25' title="bbox 193 1691 2045 1745; baseline 0.001 -13"><span class='ocrx_word' id='word_1_267' title='bbox 193 1708 305 1745; x_wconf 88' lang='lat' dir='ltr'><strong>quum</strong></span> <span class='ocrx_word' id='word_1_268' title='bbox 333 1696 454 1733; x_wconf 88' lang='lat' dir='ltr'><strong>Creon</strong></span> <span class='ocrx_word' id='word_1_269' title='bbox 478 1691 638 1731; x_wconf 87' lang='lat' dir='ltr'><strong>venisset</strong></span> <span class='ocrx_word' id='word_1_270' title='bbox 662 1700 699 1730; x_wconf 89' lang='lat' dir='ltr'><strong>et</strong></span> <span class='ocrx_word' id='word_1_271' title='bbox 723 1692 883 1745; x_wconf 80' lang='lat' dir='ltr'><strong>primum</strong></span> <span class='ocrx_word' id='word_1_272' title='bbox 908 1692 1055 1743; x_wconf 88' lang='lat' dir='ltr'><strong>quidem</strong></span> <span class='ocrx_word' id='word_1_273' title='bbox 1082 1693 1288 1744; x_wconf 89' lang='lat' dir='ltr'><strong>Oedipum,</strong></span> <span class='ocrx_word' id='word_1_274' title='bbox 1320 1702 1360 1731; x_wconf 89' lang='lat' dir='ltr'><strong>ut</strong></span> <span class='ocrx_word' id='word_1_275' title='bbox 1386 1693 1533 1731; x_wconf 87' lang='lat' dir='ltr'><strong>domum</strong></span> <span class='ocrx_word' id='word_1_276' title='bbox 1558 1706 1682 1731; x_wconf 87' lang='lat' dir='ltr'><strong>secum</strong></span> <span class='ocrx_word' id='word_1_277' title='bbox 1707 1693 1859 1739; x_wconf 87' lang='lat' dir='ltr'><strong>rediret,</strong></span> <span class='ocrx_word' id='word_1_278' title='bbox 1895 1694 2045 1734; x_wconf 86' lang='lat' dir='ltr'><strong>blandis</strong></span> 
     </span>
     <span class='ocr_line' id='line_1_26' title="bbox 192 1752 2046 1806; baseline 0.001 -13"><span class='ocrx_word' id='word_1_279' title='bbox 192 1754 315 1793; x_wconf 87' lang='lat' dir='ltr'><strong>verbis</strong></span> <span class='ocrx_word' id='word_1_280' title='bbox 341 1753 555 1792; x_wconf 85' lang='lat' dir='ltr'><strong>adhortatus</strong></span> <span class='ocrx_word' id='word_1_281' title='bbox 581 1761 697 1803; x_wconf 85' lang='lat' dir='ltr'><strong>esset,</strong></span> <span class='ocrx_word' id='word_1_282' title='bbox 733 1752 885 1803; x_wconf 89' lang='lat' dir='ltr'><strong>deinde,</strong></span> <span class='ocrx_word' id='word_1_283' title='bbox 919 1753 984 1792; x_wconf 91' lang='lat' dir='ltr'><strong>ubi</strong></span> <span class='ocrx_word' id='word_1_284' title='bbox 1010 1753 1104 1792; x_wconf 88' lang='lat' dir='ltr'><strong>nihil</strong></span> <span class='ocrx_word' id='word_1_285' title='bbox 1129 1768 1171 1794; x_wconf 90' lang='lat' dir='ltr'><strong>se</strong></span> <span class='ocrx_word' id='word_1_286' title='bbox 1196 1754 1373 1806; x_wconf 88' lang='lat' dir='ltr'><strong>proficere</strong></span> <span class='ocrx_word' id='word_1_287' title='bbox 1398 1753 1598 1804; x_wconf 85' lang='lat' dir='ltr'><strong>intellexit,</strong></span> <span class='ocrx_word' id='word_1_288' title='bbox 1632 1753 1682 1793; x_wconf 87' lang='lat' dir='ltr'><strong>ad</strong></span> <span class='ocrx_word' id='word_1_289' title='bbox 1708 1752 1782 1793; x_wconf 83' lang='lat' dir='ltr'><strong>vim</strong></span> <span class='ocrx_word' id='word_1_290' title='bbox 1808 1754 2046 1795; x_wconf 82' lang='lat' dir='ltr'><strong>descenderet</strong></span> 
     </span>
     <span class='ocr_line' id='line_1_27' title="bbox 192 1813 2046 1866; baseline 0.002 -13"><span class='ocrx_word' id='word_1_291' title='bbox 192 1815 362 1864; x_wconf 86' lang='lat' dir='ltr'><strong>filiasque</strong></span> <span class='ocrx_word' id='word_1_292' title='bbox 388 1813 572 1866; x_wconf 87' lang='lat' dir='ltr'><strong>abriperet</strong></span> <span class='ocrx_word' id='word_1_293' title='bbox 607 1822 717 1864; x_wconf 85' lang='lat' dir='ltr'><strong>atque</strong></span> <span class='ocrx_word' id='word_1_294' title='bbox 742 1813 815 1866; x_wconf 89' lang='lat' dir='ltr'><strong>ipsi</strong></span> <span class='ocrx_word' id='word_1_295' title='bbox 843 1814 988 1865; x_wconf 88' lang='lat' dir='ltr'><strong>Oedipo</strong></span> <span class='ocrx_word' id='word_1_296' title='bbox 1014 1828 1144 1853; x_wconf 89' lang='lat' dir='ltr'><strong>manus</strong></span> <span class='ocrx_word' id='word_1_297' title='bbox 1170 1814 1356 1865; x_wconf 87' lang='lat' dir='ltr'><strong>iniiceret,</strong></span> <span class='ocrx_word' id='word_1_298' title='bbox 1394 1815 1581 1861; x_wconf 75' lang='lat' dir='ltr'><strong>Theseus,</strong></span> <span class='ocrx_word' id='word_1_299' title='bbox 1618 1815 1778 1854; x_wconf 89' lang='lat' dir='ltr'><strong>clamore</strong></span> <span class='ocrx_word' id='word_1_300' title='bbox 1803 1829 1952 1856; x_wconf 88' lang='lat' dir='ltr'><strong>suorum</strong></span> <span class='ocrx_word' id='word_1_301' title='bbox 1978 1832 2046 1857; x_wconf 87' lang='lat' dir='ltr'><strong>ex·-</strong></span> 
     </span>
     <span class='ocr_line' id='line_1_28' title="bbox 194 1874 2044 1930; baseline 0.002 -14"><span class='ocrx_word' id='word_1_302' title='bbox 194 1876 346 1924; x_wconf 82' lang='lat' dir='ltr'><strong>citatus,</strong></span> <span class='ocrx_word' id='word_1_303' title='bbox 382 1883 419 1914; x_wconf 89' lang='lat' dir='ltr'><strong>et</strong></span> <span class='ocrx_word' id='word_1_304' title='bbox 446 1874 631 1928; x_wconf 89' lang='lat' dir='ltr'><strong>Oedipum</strong></span> <span class='ocrx_word' id='word_1_305' title='bbox 657 1883 777 1914; x_wconf 86' lang='lat' dir='ltr'><strong>tuetur</strong></span> <span class='ocrx_word' id='word_1_306' title='bbox 813 1883 849 1914; x_wconf 90' lang='lat' dir='ltr'><strong>et</strong></span> <span class='ocrx_word' id='word_1_307' title='bbox 874 1874 971 1915; x_wconf 85' lang='lat' dir='ltr'><strong>filias</strong></span> <span class='ocrx_word' id='word_1_308' title='bbox 996 1875 1094 1928; x_wconf 85' lang='lat' dir='ltr'><strong>patri</strong></span> <span class='ocrx_word' id='word_1_309' title='bbox 1118 1875 1288 1916; x_wconf 84' lang='lat' dir='ltr'><strong>restituit.</strong></span> <span class='ocrx_word' id='word_1_310' title='bbox 1351 1875 1524 1926; x_wconf 88' lang='lat' dir='ltr'><strong>Denique</strong></span> <span class='ocrx_word' id='word_1_311' title='bbox 1550 1875 1743 1930; x_wconf 85' lang='lat' dir='ltr'><strong>Polynices</strong></span> <span class='ocrx_word' id='word_1_312' title='bbox 1778 1886 1918 1930; x_wconf 87' lang='lat' dir='ltr'><strong>patrem</strong></span> <span class='ocrx_word' id='word_1_313' title='bbox 1945 1878 2044 1920; x_wconf 84' lang='lat' dir='ltr'><strong>adit:</strong></span> 
     </span>
    </p>
   </div>
   <div class='ocr_carea' id='block_1_4' title="bbox 193 1935 2121 1990">
    <p class='ocr_par' dir='ltr' id='par_1_4' title="bbox 193 1935 2121 1990">
     <span class='ocr_line' id='line_1_29' title="bbox 193 1935 2121 1990; baseline 0.001 -12"><span class='ocrx_word' id='word_1_314' title='bbox 193 1952 235 1978; x_wconf 90' lang='lat' dir='ltr'><strong>se</strong></span> <span class='ocrx_word' id='word_1_315' title='bbox 270 1938 318 1977; x_wconf 90' lang='lat' dir='ltr'><strong>ab</strong></span> <span class='ocrx_word' id='word_1_316' title='bbox 354 1937 524 1986; x_wconf 88' lang='lat' dir='ltr'><strong>Eteocle,</strong></span> <span class='ocrx_word' id='word_1_317' title='bbox 559 1936 671 1975; x_wconf 84' lang='lat' dir='ltr'><strong>fratre</strong></span> <span class='ocrx_word' id='word_1_318' title='bbox 696 1935 855 1983; x_wconf 88' lang='lat' dir='ltr'><strong>minore,</strong></span> <span class='ocrx_word' id='word_1_319' title='bbox 891 1945 928 1976; x_wconf 87' lang='lat' dir='ltr'><strong>et</strong></span> <span class='ocrx_word' id='word_1_320' title='bbox 962 1951 1077 1989; x_wconf 89' lang='lat' dir='ltr'><strong>regno</strong></span> <span class='ocrx_word' id='word_1_321' title='bbox 1114 1947 1150 1977; x_wconf 90' lang='lat' dir='ltr'><strong>et</strong></span> <span class='ocrx_word' id='word_1_322' title='bbox 1175 1937 1295 1990; x_wconf 85' lang='lat' dir='ltr'><strong>patria</strong></span> <span class='ocrx_word' id='word_1_323' title='bbox 1322 1938 1537 1990; x_wconf 83' lang='lat' dir='ltr'><strong>expulsum,</strong></span> <span class='ocrx_word' id='word_1_324' title='bbox 1573 1937 1794 1988; x_wconf 73' lang='lat' dir='ltr'><strong>Argivorum</strong></span> <span class='ocrx_word' id='word_1_325' title='bbox 1821 1939 1964 1980; x_wconf 83' lang='lat' dir='ltr'><strong>auxilia</strong></span> <span class='ocrx_word' id='word_1_326' title='bbox 1995 1940 2045 1979; x_wconf 86' lang='lat' dir='ltr'><strong>ad</strong></span> <span class='ocrx_word' id='word_1_327' title='bbox 2108 1952 2121 1963; x_wconf 87' lang='lat'><strong>·</strong></span> 
     </span>
    </p>
   </div>
   <div class='ocr_carea' id='block_1_5' title="bbox 193 1996 2047 2418">
    <p class='ocr_par' dir='ltr' id='par_1_5' title="bbox 193 1996 2047 2418">
     <span class='ocr_line' id='line_1_30' title="bbox 193 1996 2046 2051; baseline 0.002 -13"><span class='ocrx_word' id='word_1_328' title='bbox 193 1999 339 2038; x_wconf 84' lang='lat' dir='ltr'><strong>fratrem</strong></span> <span class='ocrx_word' id='word_1_329' title='bbox 365 1996 591 2049; x_wconf 86' lang='lat' dir='ltr'><strong>puniendum</strong></span> <span class='ocrx_word' id='word_1_330' title='bbox 618 1997 866 2046; x_wconf 80' lang='lat' dir='ltr'><strong>contraxisse3</strong></span> <span class='ocrx_word' id='word_1_331' title='bbox 906 2008 1005 2048; x_wconf 88' lang='lat' dir='ltr'><strong>orat,</strong></span> <span class='ocrx_word' id='word_1_332' title='bbox 1032 1998 1203 2050; x_wconf 87' lang='lat' dir='ltr'><strong>quoniam</strong></span> <span class='ocrx_word' id='word_1_333' title='bbox 1230 1998 1267 2036; x_wconf 89' lang='lat' dir='ltr'><strong>in</strong></span> <span class='ocrx_word' id='word_1_334' title='bbox 1295 1997 1452 2037; x_wconf 89' lang='lat' dir='ltr'><strong>oraculis</strong></span> <span class='ocrx_word' id='word_1_335' title='bbox 1477 1997 1545 2047; x_wconf 87' lang='lat' dir='ltr'><strong>sit,</strong></span> <span class='ocrx_word' id='word_1_336' title='bbox 1578 2012 1642 2037; x_wconf 90' lang='lat' dir='ltr'><strong>eos</strong></span> <span class='ocrx_word' id='word_1_337' title='bbox 1669 1998 1878 2051; x_wconf 85' lang='lat' dir='ltr'><strong>superiores</strong></span> <span class='ocrx_word' id='word_1_338' title='bbox 1904 2000 2046 2041; x_wconf 81' lang='lat' dir='ltr'><strong>disces-</strong></span> 
     </span>
     <span class='ocr_line' id='line_1_31' title="bbox 194 2056 2045 2113; baseline 0.002 -14"><span class='ocrx_word' id='word_1_339' title='bbox 194 2074 299 2099; x_wconf 83' lang='lat' dir='ltr'><strong>suros</strong></span> <span class='ocrx_word' id='word_1_340' title='bbox 334 2072 434 2104; x_wconf 91' lang='lat' dir='ltr'><strong>esse,</strong></span> <span class='ocrx_word' id='word_1_341' title='bbox 475 2072 568 2109; x_wconf 91' lang='lat' dir='ltr'><strong>quos</strong></span> <span class='ocrx_word' id='word_1_342' title='bbox 603 2056 771 2109; x_wconf 89' lang='lat' dir='ltr'><strong>Oedipus</strong></span> <span class='ocrx_word' id='word_1_343' title='bbox 806 2058 1007 2108; x_wconf 84' lang='lat' dir='ltr'><strong>adiuverit,</strong></span> <span class='ocrx_word' id='word_1_344' title='bbox 1047 2068 1087 2097; x_wconf 92' lang='lat' dir='ltr'><strong>ut</strong></span> <span class='ocrx_word' id='word_1_345' title='bbox 1112 2058 1185 2098; x_wconf 85' lang='lat' dir='ltr'><strong>sibi</strong></span> <span class='ocrx_word' id='word_1_346' title='bbox 1211 2058 1326 2108; x_wconf 88' lang='lat' dir='ltr'><strong>adsit,</strong></span> <span class='ocrx_word' id='word_1_347' title='bbox 1363 2057 1601 2106; x_wconf 86' lang='lat' dir='ltr'><strong>iniuriarum,</strong></span> <span class='ocrx_word' id='word_1_348' title='bbox 1643 2058 1779 2111; x_wconf 87' lang='lat' dir='ltr'><strong>quihus</strong></span> <span class='ocrx_word' id='word_1_349' title='bbox 1804 2061 1958 2101; x_wconf 82' lang='lat' dir='ltr'><strong>affectus</strong></span> <span class='ocrx_word' id='word_1_350' title='bbox 1984 2062 2045 2113; x_wconf 87' lang='lat' dir='ltr'><strong>sit,</strong></span> 
     </span>
     <span class='ocr_line' id='line_1_32' title="bbox 194 2118 2045 2173; baseline 0.003 -16"><span class='ocrx_word' id='word_1_351' title='bbox 194 2119 343 2157; x_wconf 81' lang='lat' dir='ltr'><strong>oblitus.</strong></span> <span class='ocrx_word' id='word_1_352' title='bbox 396 2119 471 2157; x_wconf 89' lang='lat' dir='ltr'><strong>Sed</strong></span> <span class='ocrx_word' id='word_1_353' title='bbox 498 2118 651 2171; x_wconf 87' lang='lat' dir='ltr'><strong>impium</strong></span> <span class='ocrx_word' id='word_1_354' title='bbox 675 2118 791 2156; x_wconf 88' lang='lat' dir='ltr'><strong>filium</strong></span> <span class='ocrx_word' id='word_1_355' title='bbox 808 2118 976 2170; x_wconf 89' lang='lat' dir='ltr'><strong>Oedipus</strong></span> <span class='ocrx_word' id='word_1_356' title='bbox 1003 2119 1171 2158; x_wconf 89' lang='lat' dir='ltr'><strong>omnibus</strong></span> <span class='ocrx_word' id='word_1_357' title='bbox 1197 2120 1368 2172; x_wconf 85' lang='lat' dir='ltr'><strong>precibus</strong></span> <span class='ocrx_word' id='word_1_358' title='bbox 1395 2119 1566 2158; x_wconf 88' lang='lat' dir='ltr'><strong>devotum</strong></span> <span class='ocrx_word' id='word_1_359' title='bbox 1593 2119 1754 2161; x_wconf 85' lang='lat' dir='ltr'><strong>dimittit.</strong></span> <span class='ocrx_word' id='word_1_360' title='bbox 1805 2123 1884 2161; x_wconf 79' lang='lat' dir='ltr'><strong>Iam</strong></span> <span class='ocrx_word' id='word_1_361' title='bbox 1909 2123 2045 2173; x_wconf 84' lang='lat' dir='ltr'><strong>omnia,</strong></span> 
     </span>
     <span class='ocr_line' id='line_1_33' title="bbox 196 2177 2046 2235; baseline 0.003 -17"><span class='ocrx_word' id='word_1_362' title='bbox 196 2192 291 2229; x_wconf 84' lang='lat' dir='ltr'><strong>quae</strong></span> <span class='ocrx_word' id='word_1_363' title='bbox 316 2177 461 2231; x_wconf 87' lang='lat' dir='ltr'><strong>Oedipo</strong></span> <span class='ocrx_word' id='word_1_364' title='bbox 488 2178 598 2217; x_wconf 87' lang='lat' dir='ltr'><strong>etiam</strong></span> <span class='ocrx_word' id='word_1_365' title='bbox 625 2179 710 2219; x_wconf 87' lang='lat' dir='ltr'><strong>vivo</strong></span> <span class='ocrx_word' id='word_1_366' title='bbox 736 2178 1022 2219; x_wconf 87' lang='lat' dir='ltr'><strong>administranda</strong></span> <span class='ocrx_word' id='word_1_367' title='bbox 1048 2179 1252 2226; x_wconf 80' lang='lat' dir='ltr'><strong>restabant,</strong></span> <span class='ocrx_word' id='word_1_368' title='bbox 1285 2180 1537 2220; x_wconf 87' lang='lat' dir='ltr'><strong>administrata</strong></span> <span class='ocrx_word' id='word_1_369' title='bbox 1562 2189 1668 2221; x_wconf 83' lang='lat' dir='ltr'><strong>sunt:</strong></span> <span class='ocrx_word' id='word_1_370' title='bbox 1709 2193 1823 2233; x_wconf 84' lang='lat' dir='ltr'><strong>quum</strong></span> <span class='ocrx_word' id='word_1_371' title='bbox 1847 2190 2046 2235; x_wconf 83' lang='lat' dir='ltr'><strong>tempestas</strong></span> 
     </span>
     <span class='ocr_line' id='line_1_34' title="bbox 195 2238 2046 2294; baseline 0.003 -15"><span class='ocrx_word' id='word_1_372' title='bbox 195 2239 354 2281; x_wconf 80' lang='lat' dir='ltr'><strong>cooritur</strong></span> <span class='ocrx_word' id='word_1_373' title='bbox 379 2238 709 2279; x_wconf 80' lang='lat' dir='ltr'><strong>vehementissima.</strong></span> <span class='ocrx_word' id='word_1_374' title='bbox 773 2240 883 2288; x_wconf 78' lang='lat' dir='ltr'><strong>Quod</strong></span> <span class='ocrx_word' id='word_1_375' title='bbox 916 2255 1026 2293; x_wconf 88' lang='lat' dir='ltr'><strong>quum</strong></span> <span class='ocrx_word' id='word_1_376' title='bbox 1052 2254 1075 2280; x_wconf 92' lang='lat' dir='ltr'><strong>a</strong></span> <span class='ocrx_word' id='word_1_377' title='bbox 1101 2240 1323 2280; x_wconf 84' lang='lat' dir='ltr'><strong>deodatum</strong></span> <span class='ocrx_word' id='word_1_378' title='bbox 1351 2250 1447 2281; x_wconf 89' lang='lat' dir='ltr'><strong>esset</strong></span> <span class='ocrx_word' id='word_1_379' title='bbox 1474 2241 1619 2294; x_wconf 84' lang='lat' dir='ltr'><strong>Oedipo</strong></span> <span class='ocrx_word' id='word_1_380' title='bbox 1646 2242 1812 2293; x_wconf 85' lang='lat' dir='ltr'><strong>signum,</strong></span> <span class='ocrx_word' id='word_1_381' title='bbox 1848 2256 1922 2292; x_wconf 89' lang='lat' dir='ltr'><strong>quo</strong></span> <span class='ocrx_word' id='word_1_382' title='bbox 1958 2244 2046 2284; x_wconf 86' lang='lat' dir='ltr'><strong>dato</strong></span> 
     </span>
     <span class='ocr_line' id='line_1_35' title="bbox 196 2299 2047 2355; baseline 0.003 -15"><span class='ocrx_word' id='word_1_383' title='bbox 196 2302 356 2340; x_wconf 78' lang='lat' dir='ltr'><strong>futurum</strong></span> <span class='ocrx_word' id='word_1_384' title='bbox 382 2309 499 2350; x_wconf 89' lang='lat' dir='ltr'><strong>esset,</strong></span> <span class='ocrx_word' id='word_1_385' title='bbox 535 2309 575 2339; x_wconf 92' lang='lat' dir='ltr'><strong>ut</strong></span> <span class='ocrx_word' id='word_1_386' title='bbox 600 2299 757 2340; x_wconf 85' lang='lat' dir='ltr'><strong>miseriis</strong></span> <span class='ocrx_word' id='word_1_387' title='bbox 782 2301 860 2341; x_wconf 85' lang='lat' dir='ltr'><strong>suis</strong></span> <span class='ocrx_word' id='word_1_388' title='bbox 886 2302 1096 2355; x_wconf 81' lang='lat' dir='ltr'><strong>perfunctus</strong></span> <span class='ocrx_word' id='word_1_389' title='bbox 1122 2302 1385 2354; x_wconf 90' lang='lat' dir='ltr'><strong>requiesceret,</strong></span> <span class='ocrx_word' id='word_1_390' title='bbox 1422 2303 1607 2343; x_wconf 85' lang='lat' dir='ltr'><strong>Theseum</strong></span> <span class='ocrx_word' id='word_1_391' title='bbox 1633 2303 1767 2343; x_wconf 84' lang='lat' dir='ltr'><strong>arcessi</strong></span> <span class='ocrx_word' id='word_1_392' title='bbox 1791 2303 1916 2352; x_wconf 84' lang='lat' dir='ltr'><strong>iubet,</strong></span> <span class='ocrx_word' id='word_1_393' title='bbox 1943 2316 1984 2345; x_wconf 88' lang='lat' dir='ltr'><strong>ut</strong></span> <span class='ocrx_word' id='word_1_394' title='bbox 2010 2316 2047 2345; x_wconf 88' lang='lat' dir='ltr'><strong>et</strong></span> 
     </span>
     <span class='ocr_line' id='line_1_36' title="bbox 197 2361 2046 2418; baseline 0.002 -17"><span class='ocrx_word' id='word_1_395' title='bbox 197 2361 335 2411; x_wconf 81' lang='lat' dir='ltr'><strong>gratias</strong></span> <span class='ocrx_word' id='word_1_396' title='bbox 361 2369 450 2413; x_wconf 87' lang='lat' dir='ltr'><strong>agat</strong></span> <span class='ocrx_word' id='word_1_397' title='bbox 475 2369 530 2408; x_wconf 90' lang='lat' dir='ltr'><strong>et,</strong></span> <span class='ocrx_word' id='word_1_398' title='bbox 570 2374 664 2413; x_wconf 87' lang='lat' dir='ltr'><strong>quae</strong></span> <span class='ocrx_word' id='word_1_399' title='bbox 700 2375 794 2417; x_wconf 85' lang='lat' dir='ltr'><strong>opus</strong></span> <span class='ocrx_word' id='word_1_400' title='bbox 830 2362 922 2414; x_wconf 86' lang='lat' dir='ltr'><strong>sint,</strong></span> <span class='ocrx_word' id='word_1_401' title='bbox 962 2363 1101 2404; x_wconf 80' lang='lat' dir='ltr'><strong>doceat.</strong></span> <span class='ocrx_word' id='word_1_402' title='bbox 1169 2364 1246 2412; x_wconf 78' lang='lat' dir='ltr'><strong>Qui</strong></span> <span class='ocrx_word' id='word_1_403' title='bbox 1272 2374 1462 2418; x_wconf 85' lang='lat' dir='ltr'><strong>postquam</strong></span> <span class='ocrx_word' id='word_1_404' title='bbox 1489 2364 1608 2413; x_wconf 79' lang='lat' dir='ltr'><strong>veuit,</strong></span> <span class='ocrx_word' id='word_1_405' title='bbox 1648 2363 1836 2418; x_wconf 83' lang='lat' dir='ltr'><strong>Oedipus,</strong></span> <span class='ocrx_word' id='word_1_406' title='bbox 1875 2366 1936 2405; x_wconf 84' lang='lat' dir='ltr'><strong>cui</strong></span> <span class='ocrx_word' id='word_1_407' title='bbox 1960 2375 2046 2418; x_wconf 84' lang='lat' dir='ltr'><strong>post</strong></span> 
     </span>
    </p>
   </div>
  </div>
 </body>
</html>
