<?xml version="1.0" encoding="UTF-8"?>
<!DOCTYPE html PUBLIC "-//W3C//DTD XHTML 1.0 Transitional//EN"
    "http://www.w3.org/TR/xhtml1/DTD/xhtml1-transitional.dtd">
<html xmlns="http://www.w3.org/1999/xhtml" xml:lang="en" lang="en">
 <head>
  <title>
</title>
<meta http-equiv="Content-Type" content="text/html;charset=utf-8" />
  <meta name='ocr-system' content='tesseract 3.04.00' />
  <meta name='ocr-capabilities' content='ocr_page ocr_carea ocr_par ocr_line ocrx_word'/>
</head>
<body>
  <div class='ocr_page' id='page_1' title='image "4768537_0021.png"; bbox 0 0 2270 2915; ppageno 0'>
   <div class='ocr_carea' id='block_1_1' title="bbox 955 129 1266 171">
    <p class='ocr_par' dir='ltr' id='par_1_1' title="bbox 955 129 1266 171">
     <span class='ocr_line' id='line_1_1' title="bbox 955 129 1266 171; baseline -0.006 -10"><span class='ocrx_word' id='word_1_1' title='bbox 955 129 1266 171; x_wconf 78' lang='lat'>..11-</span> 
     </span>
    </p>
   </div>
   <div class='ocr_carea' id='block_1_2' title="bbox 168 251 2030 1410">
    <p class='ocr_par' dir='ltr' id='par_1_2' title="bbox 168 251 2030 1410">
     <span class='ocr_line' id='line_1_2' title="bbox 173 251 2028 309; baseline -0.003 -10"><span class='ocrx_word' id='word_1_2' title='bbox 173 259 311 302; x_wconf 77' lang='lat' dir='ltr'><strong>babere</strong></span> <span class='ocrx_word' id='word_1_3' title='bbox 336 269 455 309; x_wconf 79' lang='lat' dir='ltr'><strong>neque</strong></span> <span class='ocrx_word' id='word_1_4' title='bbox 480 254 562 295; x_wconf 58' lang='lat' dir='ltr'><strong>vin</strong></span> <span class='ocrx_word' id='word_1_5' title='bbox 580 266 701 305; x_wconf 76' lang='lat' dir='ltr'><strong>neque</strong></span> <span class='ocrx_word' id='word_1_6' title='bbox 725 252 1002 304; x_wconf 63' lang='lat' dir='ltr'><strong>auctoritatemg</strong></span> <span class='ocrx_word' id='word_1_7' title='bbox 1047 254 1182 295; x_wconf 73' lang='lat' dir='ltr'><strong>Laium</strong></span> <span class='ocrx_word' id='word_1_8' title='bbox 1200 251 1325 305; x_wconf 71' lang='lat' dir='ltr'><strong>enini,</strong></span> <span class='ocrx_word' id='word_1_9' title='bbox 1361 267 1469 305; x_wconf 84' lang='lat' dir='ltr'><strong>quem</strong></span> <span class='ocrx_word' id='word_1_10' title='bbox 1504 266 1530 293; x_wconf 89' lang='lat' dir='ltr'><strong>a</strong></span> <span class='ocrx_word' id='word_1_11' title='bbox 1563 252 1641 293; x_wconf 77' lang='lat' dir='ltr'><strong>mio</strong></span> <span class='ocrx_word' id='word_1_12' title='bbox 1676 267 1747 294; x_wconf 83' lang='lat' dir='ltr'><strong>suo</strong></span> <span class='ocrx_word' id='word_1_13' title='bbox 1781 259 1950 295; x_wconf 74' lang='lat' dir='ltr'><strong>necatum</strong></span> <span class='ocrx_word' id='word_1_14' title='bbox 1980 253 2028 294; x_wconf 89' lang='lat' dir='ltr'><strong>iri</strong></span> 
     </span>
     <span class='ocr_line' id='line_1_3' title="bbox 174 314 2028 373; baseline -0.003 -11"><span class='ocrx_word' id='word_1_15' title='bbox 174 320 360 362; x_wconf 65' lang='lat' dir='ltr'><strong>ominium</strong></span> <span class='ocrx_word' id='word_1_16' title='bbox 386 314 633 373; x_wconf 77' lang='lat' dir='ltr'><strong>praedixerit,</strong></span> <span class='ocrx_word' id='word_1_17' title='bbox 666 314 707 354; x_wconf 89' lang='lat' dir='ltr'><strong>in</strong></span> <span class='ocrx_word' id='word_1_18' title='bbox 733 315 840 366; x_wconf 76' lang='lat' dir='ltr'><strong>trivio</strong></span> <span class='ocrx_word' id='word_1_19' title='bbox 866 330 948 357; x_wconf 80' lang='lat' dir='ltr'><strong>esse</strong></span> <span class='ocrx_word' id='word_1_20' title='bbox 966 330 1018 357; x_wconf 70' lang='lat' dir='ltr'><strong>a</strong></span> <span class='ocrx_word' id='word_1_21' title='bbox 1032 315 1237 358; x_wconf 80' lang='lat' dir='ltr'><strong>latronibus</strong></span> <span class='ocrx_word' id='word_1_22' title='bbox 1261 315 1444 364; x_wconf 79' lang='lat' dir='ltr'><strong>occisum3</strong></span> <span class='ocrx_word' id='word_1_23' title='bbox 1491 314 1609 355; x_wconf 84' lang='lat' dir='ltr'><strong>filium</strong></span> <span class='ocrx_word' id='word_1_24' title='bbox 1635 315 1775 367; x_wconf 83' lang='lat' dir='ltr'><strong>perisse</strong></span> <span class='ocrx_word' id='word_1_25' title='bbox 1806 331 1933 356; x_wconf 87' lang='lat' dir='ltr'><strong>recens</strong></span> <span class='ocrx_word' id='word_1_26' title='bbox 1958 330 2028 356; x_wconf 79' lang='lat' dir='ltr'><strong>ua-</strong></span> 
     </span>
     <span class='ocr_line' id='line_1_4' title="bbox 173 376 2029 431; baseline -0.003 -9"><span class='ocrx_word' id='word_1_27' title='bbox 173 391 264 424; x_wconf 88' lang='lat' dir='ltr'><strong>tum.</strong></span> <span class='ocrx_word' id='word_1_28' title='bbox 330 381 406 422; x_wconf 88' lang='lat' dir='ltr'><strong>Sed</strong></span> <span class='ocrx_word' id='word_1_29' title='bbox 443 379 514 418; x_wconf 87' lang='lat' dir='ltr'><strong>hoc</strong></span> <span class='ocrx_word' id='word_1_30' title='bbox 550 377 671 431; x_wconf 88' lang='lat' dir='ltr'><strong>ipsum</strong></span> <span class='ocrx_word' id='word_1_31' title='bbox 706 376 893 430; x_wconf 78' lang='lat' dir='ltr'><strong>Oedipum</strong></span> <span class='ocrx_word' id='word_1_32' title='bbox 927 377 1245 422; x_wconf 59' lang='lat' dir='ltr'><strong>vehementissime</strong></span> <span class='ocrx_word' id='word_1_33' title='bbox 1281 385 1496 417; x_wconf 83' lang='lat' dir='ltr'><strong>commovet.</strong></span> <span class='ocrx_word' id='word_1_34' title='bbox 1572 378 1694 425; x_wconf 80' lang='lat' dir='ltr'><strong>Quem</strong></span> <span class='ocrx_word' id='word_1_35' title='bbox 1728 392 1775 417; x_wconf 89' lang='lat' dir='ltr'><strong>ne</strong></span> <span class='ocrx_word' id='word_1_36' title='bbox 1810 377 2029 429; x_wconf 74' lang='lat' dir='ltr'><strong>gravissima</strong></span> 
     </span>
     <span class='ocr_line' id='line_1_5' title="bbox 174 438 2030 496; baseline -0.003 -12"><span class='ocrx_word' id='word_1_37' title='bbox 174 445 322 496; x_wconf 84' lang='lat' dir='ltr'><strong>quidem</strong></span> <span class='ocrx_word' id='word_1_38' title='bbox 349 448 513 481; x_wconf 81' lang='lat' dir='ltr'><strong>moverat</strong></span> <span class='ocrx_word' id='word_1_39' title='bbox 538 438 654 478; x_wconf 88' lang='lat' dir='ltr'><strong>oratio</strong></span> <span class='ocrx_word' id='word_1_40' title='bbox 671 438 863 490; x_wconf 77' lang='lat' dir='ltr'><strong>Tiresiae,</strong></span> <span class='ocrx_word' id='word_1_41' title='bbox 889 439 955 491; x_wconf 86' lang='lat' dir='ltr'><strong>qui</strong></span> <span class='ocrx_word' id='word_1_42' title='bbox 979 439 1134 493; x_wconf 70' lang='lat' dir='ltr'><strong>ea‚ipsa</strong></span> <span class='ocrx_word' id='word_1_43' title='bbox 1160 438 1381 492; x_wconf 60' lang='lat' dir='ltr'><strong>alr-,Oedipo</strong></span> <span class='ocrx_word' id='word_1_44' title='bbox 1407 447 1618 492; x_wconf 86' lang='lat' dir='ltr'><strong>perpetrata</strong></span> <span class='ocrx_word' id='word_1_45' title='bbox 1644 454 1727 479; x_wconf 85' lang='lat' dir='ltr'><strong>esse</strong></span> <span class='ocrx_word' id='word_1_46' title='bbox 1752 439 1908 489; x_wconf 86' lang='lat' dir='ltr'><strong>diceret,</strong></span> <span class='ocrx_word' id='word_1_47' title='bbox 1932 453 2030 492; x_wconf 85' lang='lat' dir='ltr'><strong>quae</strong></span> 
     </span>
     <span class='ocr_line' id='line_1_6' title="bbox 168 499 2028 558; baseline -0.003 -15"><span class='ocrx_word' id='word_1_48' title='bbox 168 504 312 558; x_wconf 59' lang='lat' dir='ltr'><strong>&gt;Apollo</strong></span> <span class='ocrx_word' id='word_1_49' title='bbox 338 516 421 542; x_wconf 84' lang='lat' dir='ltr'><strong>eum</strong></span> <span class='ocrx_word' id='word_1_50' title='bbox 447 514 578 541; x_wconf 83' lang='lat' dir='ltr'><strong>cavere</strong></span> <span class='ocrx_word' id='word_1_51' title='bbox 602 499 777 551; x_wconf 81' lang='lat' dir='ltr'><strong>iusserat,</strong></span> <span class='ocrx_word' id='word_1_52' title='bbox 803 500 922 551; x_wconf 70' lang='lat' dir='ltr'><strong>iden,</strong></span> <span class='ocrx_word' id='word_1_53' title='bbox 947 509 1142 554; x_wconf 73' lang='lat' dir='ltr'><strong>postquam</strong></span> <span class='ocrx_word' id='word_1_54' title='bbox 1167 500 1223 540; x_wconf 86' lang='lat' dir='ltr'><strong>ira</strong></span> <span class='ocrx_word' id='word_1_55' title='bbox 1249 500 1424 548; x_wconf 76' lang='lat' dir='ltr'><strong>deservit,</strong></span> <span class='ocrx_word' id='word_1_56' title='bbox 1450 500 1512 539; x_wconf 87' lang='lat' dir='ltr'><strong>vel</strong></span> <span class='ocrx_word' id='word_1_57' title='bbox 1538 515 1610 539; x_wconf 90' lang='lat' dir='ltr'><strong>uno</strong></span> <span class='ocrx_word' id='word_1_58' title='bbox 1636 500 1803 540; x_wconf 85' lang='lat' dir='ltr'><strong>mulieris</strong></span> <span class='ocrx_word' id='word_1_59' title='bbox 1829 501 1958 550; x_wconf 88' lang='lat' dir='ltr'><strong>verbo,</strong></span> <span class='ocrx_word' id='word_1_60' title='bbox 1988 500 2028 538; x_wconf 82' lang='lat' dir='ltr'><strong>iu</strong></span> 
     </span>
     <span class='ocr_line' id='line_1_7' title="bbox 172 561 2029 614; baseline -0.003 -9"><span class='ocrx_word' id='word_1_61' title='bbox 172 564 281 605; x_wconf 83' lang='lat' dir='ltr'><strong>trivio</strong></span> <span class='ocrx_word' id='word_1_62' title='bbox 317 563 451 604; x_wconf 87' lang='lat' dir='ltr'><strong>Laium</strong></span> <span class='ocrx_word' id='word_1_63' title='bbox 486 562 714 602; x_wconf 83' lang='lat' dir='ltr'><strong>intersectum</strong></span> <span class='ocrx_word' id='word_1_64' title='bbox 749 576 850 611; x_wconf 83' lang='lat' dir='ltr'><strong>esse,</strong></span> <span class='ocrx_word' id='word_1_65' title='bbox 885 561 1097 612; x_wconf 76' lang='lat' dir='ltr'><strong>adducitur,</strong></span> <span class='ocrx_word' id='word_1_66' title='bbox 1135 571 1176 601; x_wconf 87' lang='lat' dir='ltr'><strong>ut</strong></span> <span class='ocrx_word' id='word_1_67' title='bbox 1211 575 1355 601; x_wconf 83' lang='lat' dir='ltr'><strong>omnem</strong></span> <span class='ocrx_word' id='word_1_68' title='bbox 1390 561 1579 614; x_wconf 88' lang='lat' dir='ltr'><strong>praeteriti</strong></span> <span class='ocrx_word' id='word_1_69' title='bbox 1609 561 1784 614; x_wconf 86' lang='lat' dir='ltr'><strong>temporis</strong></span> <span class='ocrx_word' id='word_1_70' title='bbox 1817 561 2029 602; x_wconf 76' lang='lat' dir='ltr'>memoriam</span> 
     </span>
     <span class='ocr_line' id='line_1_8' title="bbox 173 622 2028 680; baseline -0.003 -13"><span class='ocrx_word' id='word_1_71' title='bbox 173 635 327 680; x_wconf 79' lang='lat' dir='ltr'><strong>repetat.</strong></span> <span class='ocrx_word' id='word_1_72' title='bbox 380 623 550 664; x_wconf 79' lang='lat' dir='ltr'>Meminit</span> <span class='ocrx_word' id='word_1_73' title='bbox 575 622 691 673; x_wconf 82' lang='lat' dir='ltr'><strong>enim,</strong></span> <span class='ocrx_word' id='word_1_74' title='bbox 717 623 755 661; x_wconf 93' lang='lat' dir='ltr'><strong>in</strong></span> <span class='ocrx_word' id='word_1_75' title='bbox 781 623 889 663; x_wconf 85' lang='lat' dir='ltr'><strong>trivio</strong></span> <span class='ocrx_word' id='word_1_76' title='bbox 915 638 938 662; x_wconf 86' lang='lat' dir='ltr'><strong>a</strong></span> <span class='ocrx_word' id='word_1_77' title='bbox 964 638 1024 674; x_wconf 84' lang='lat' dir='ltr'><strong>se,</strong></span> <span class='ocrx_word' id='word_1_78' title='bbox 1051 638 1162 675; x_wconf 88' lang='lat' dir='ltr'><strong>quum</strong></span> <span class='ocrx_word' id='word_1_79' title='bbox 1188 623 1349 676; x_wconf 75' lang='lat' dir='ltr'><strong>Delphis</strong></span> <span class='ocrx_word' id='word_1_80' title='bbox 1375 622 1597 673; x_wconf 89' lang='lat' dir='ltr'><strong>discederet,</strong></span> <span class='ocrx_word' id='word_1_81' title='bbox 1632 638 1758 662; x_wconf 87' lang='lat' dir='ltr'><strong>senem</strong></span> <span class='ocrx_word' id='word_1_82' title='bbox 1782 623 1888 662; x_wconf 89' lang='lat' dir='ltr'><strong>illum</strong></span> <span class='ocrx_word' id='word_1_83' title='bbox 1914 623 2028 662; x_wconf 86' lang='lat' dir='ltr'><strong>inter-</strong></span> 
     </span>
     <span class='ocr_line' id='line_1_9' title="bbox 171 684 2028 739; baseline -0.002 -12"><span class='ocrx_word' id='word_1_84' title='bbox 171 687 246 728; x_wconf 83' lang='lat' dir='ltr'><strong>fici.</strong></span> <span class='ocrx_word' id='word_1_85' title='bbox 312 689 419 736; x_wconf 78' lang='lat' dir='ltr'><strong>Quae</strong></span> <span class='ocrx_word' id='word_1_86' title='bbox 454 698 542 725; x_wconf 82' lang='lat' dir='ltr'><strong>cura</strong></span> <span class='ocrx_word' id='word_1_87' title='bbox 578 684 666 723; x_wconf 92' lang='lat' dir='ltr'><strong>dum</strong></span> <span class='ocrx_word' id='word_1_88' title='bbox 702 699 786 724; x_wconf 86' lang='lat' dir='ltr'><strong>eum</strong></span> <span class='ocrx_word' id='word_1_89' title='bbox 821 694 962 733; x_wconf 82' lang='lat' dir='ltr'><strong>versat,</strong></span> <span class='ocrx_word' id='word_1_90' title='bbox 999 685 1148 725; x_wconf 86' lang='lat' dir='ltr'><strong>nuntius</strong></span> <span class='ocrx_word' id='word_1_91' title='bbox 1183 686 1364 739; x_wconf 77' lang='lat' dir='ltr'><strong>Polybum</strong></span> <span class='ocrx_word' id='word_1_92' title='bbox 1391 693 1571 724; x_wconf 86' lang='lat' dir='ltr'><strong>mortuum</strong></span> <span class='ocrx_word' id='word_1_93' title='bbox 1607 685 1866 738; x_wconf 84' lang='lat' dir='ltr'><strong>Oedipumque</strong></span> <span class='ocrx_word' id='word_1_94' title='bbox 1901 699 1925 724; x_wconf 89' lang='lat' dir='ltr'><strong>a</strong></span> <span class='ocrx_word' id='word_1_95' title='bbox 1952 686 2028 724; x_wconf 91' lang='lat' dir='ltr'><strong>Co-</strong></span> 
     </span>
     <span class='ocr_line' id='line_1_10' title="bbox 172 746 2027 800; baseline -0.002 -12"><span class='ocrx_word' id='word_1_96' title='bbox 172 748 317 788; x_wconf 86' lang='lat' dir='ltr'><strong>rinthiis</strong></span> <span class='ocrx_word' id='word_1_97' title='bbox 343 762 467 800; x_wconf 88' lang='lat' dir='ltr'><strong>regem</strong></span> <span class='ocrx_word' id='word_1_98' title='bbox 494 754 655 785; x_wconf 88' lang='lat' dir='ltr'><strong>creatum</strong></span> <span class='ocrx_word' id='word_1_99' title='bbox 681 760 762 785; x_wconf 86' lang='lat' dir='ltr'><strong>esse</strong></span> <span class='ocrx_word' id='word_1_100' title='bbox 787 746 907 787; x_wconf 77' lang='lat' dir='ltr'><strong>affert.</strong></span> <span class='ocrx_word' id='word_1_101' title='bbox 970 750 1074 786; x_wconf 88' lang='lat' dir='ltr'><strong>Haec</strong></span> <span class='ocrx_word' id='word_1_102' title='bbox 1109 761 1195 799; x_wconf 86' lang='lat' dir='ltr'><strong>spes</strong></span> <span class='ocrx_word' id='word_1_103' title='bbox 1232 756 1267 786; x_wconf 90' lang='lat' dir='ltr'><strong>et</strong></span> <span class='ocrx_word' id='word_1_104' title='bbox 1303 746 1478 785; x_wconf 86' lang='lat' dir='ltr'><strong>afflictum</strong></span> <span class='ocrx_word' id='word_1_105' title='bbox 1515 747 1700 798; x_wconf 77' lang='lat' dir='ltr'>Oedipum</span> <span class='ocrx_word' id='word_1_106' title='bbox 1736 747 1872 786; x_wconf 85' lang='lat' dir='ltr'><strong>excitat</strong></span> <span class='ocrx_word' id='word_1_107' title='bbox 1903 755 1941 785; x_wconf 85' lang='lat' dir='ltr'><strong>et</strong></span> <span class='ocrx_word' id='word_1_108' title='bbox 1965 749 2027 785; x_wconf 82' lang='lat' dir='ltr'><strong>lo-</strong></span> 
     </span>
     <span class='ocr_line' id='line_1_11' title="bbox 172 806 2026 862; baseline -0.002 -13"><span class='ocrx_word' id='word_1_109' title='bbox 172 819 331 856; x_wconf 78' lang='lat' dir='ltr'><strong>castam,</strong></span> <span class='ocrx_word' id='word_1_110' title='bbox 360 823 434 862; x_wconf 86' lang='lat' dir='ltr'><strong>qua</strong></span> <span class='ocrx_word' id='word_1_111' title='bbox 460 816 516 848; x_wconf 86' lang='lat' dir='ltr'><strong>est</strong></span> <span class='ocrx_word' id='word_1_112' title='bbox 540 806 710 858; x_wconf 83' lang='lat' dir='ltr'><strong>levitate,</strong></span> <span class='ocrx_word' id='word_1_113' title='bbox 746 806 795 846; x_wconf 88' lang='lat' dir='ltr'><strong>ad</strong></span> <span class='ocrx_word' id='word_1_114' title='bbox 820 808 1119 847; x_wconf 80' lang='lat' dir='ltr'><strong>contemnendam</strong></span> <span class='ocrx_word' id='word_1_115' title='bbox 1146 822 1288 847; x_wconf 89' lang='lat' dir='ltr'><strong>omnem</strong></span> <span class='ocrx_word' id='word_1_116' title='bbox 1314 808 1543 847; x_wconf 82' lang='lat' dir='ltr'><strong>oraculorum</strong></span> <span class='ocrx_word' id='word_1_117' title='bbox 1570 807 1747 847; x_wconf 82' lang='lat' dir='ltr'><strong>rationem</strong></span> <span class='ocrx_word' id='word_1_118' title='bbox 1773 807 1891 859; x_wconf 86' lang='lat' dir='ltr'><strong>magis</strong></span> <span class='ocrx_word' id='word_1_119' title='bbox 1917 808 2026 846; x_wconf 87' lang='lat' dir='ltr'><strong>etiam</strong></span> 
     </span>
     <span class='ocr_line' id='line_1_12' title="bbox 171 868 2028 923; baseline -0.002 -13"><span class='ocrx_word' id='word_1_120' title='bbox 171 871 341 923; x_wconf 84' lang='lat' dir='ltr'><strong>impellit.</strong></span> <span class='ocrx_word' id='word_1_121' title='bbox 412 872 535 918; x_wconf 80' lang='lat' dir='ltr'><strong>Quum</strong></span> <span class='ocrx_word' id='word_1_122' title='bbox 571 877 692 908; x_wconf 86' lang='lat' dir='ltr'><strong>autem</strong></span> <span class='ocrx_word' id='word_1_123' title='bbox 730 869 897 923; x_wconf 77' lang='lat' dir='ltr'><strong>Oedipus</strong></span> <span class='ocrx_word' id='word_1_124' title='bbox 932 869 1170 908; x_wconf 84' lang='lat' dir='ltr'><strong>nihilominus</strong></span> <span class='ocrx_word' id='word_1_125' title='bbox 1208 868 1426 909; x_wconf 70' lang='lat' dir='ltr'><strong>Corinthum</strong></span> <span class='ocrx_word' id='word_1_126' title='bbox 1462 869 1565 907; x_wconf 87' lang='lat' dir='ltr'><strong>adire</strong></span> <span class='ocrx_word' id='word_1_127' title='bbox 1600 878 1803 919; x_wconf 76' lang='lat' dir='ltr'><strong>vereretur,</strong></span> <span class='ocrx_word' id='word_1_128' title='bbox 1840 884 1887 908; x_wconf 90' lang='lat' dir='ltr'><strong>ne</strong></span> <span class='ocrx_word' id='word_1_129' title='bbox 1922 868 2028 907; x_wconf 81' lang='lat' dir='ltr'><strong>fatali</strong></span> 
     </span>
     <span class='ocr_line' id='line_1_13' title="bbox 171 930 2027 983; baseline 0 -13"><span class='ocrx_word' id='word_1_130' title='bbox 171 932 387 972; x_wconf 84' lang='lat' dir='ltr'><strong>necessitate</strong></span> <span class='ocrx_word' id='word_1_131' title='bbox 413 940 622 983; x_wconf 82' lang='lat' dir='ltr'><strong>cogeretur,</strong></span> <span class='ocrx_word' id='word_1_132' title='bbox 657 939 809 971; x_wconf 88' lang='lat' dir='ltr'><strong>matrem</strong></span> <span class='ocrx_word' id='word_1_133' title='bbox 834 931 874 970; x_wconf 92' lang='lat' dir='ltr'><strong>in</strong></span> <span class='ocrx_word' id='word_1_134' title='bbox 899 930 1166 970; x_wconf 76' lang='lat' dir='ltr'><strong>matrimonium</strong></span> <span class='ocrx_word' id='word_1_135' title='bbox 1193 930 1346 980; x_wconf 90' lang='lat' dir='ltr'><strong>ducere,</strong></span> <span class='ocrx_word' id='word_1_136' title='bbox 1381 930 1531 970; x_wconf 85' lang='lat' dir='ltr'><strong>nuntius</strong></span> <span class='ocrx_word' id='word_1_137' title='bbox 1567 945 1650 970; x_wconf 87' lang='lat' dir='ltr'><strong>eum</strong></span> <span class='ocrx_word' id='word_1_138' title='bbox 1686 946 1734 970; x_wconf 93' lang='lat' dir='ltr'><strong>ne</strong></span> <span class='ocrx_word' id='word_1_139' title='bbox 1769 946 1852 971; x_wconf 88' lang='lat' dir='ltr'><strong>esse</strong></span> <span class='ocrx_word' id='word_1_140' title='bbox 1877 930 2027 982; x_wconf 86' lang='lat' dir='ltr'><strong>quidem</strong></span> 
     </span>
     <span class='ocr_line' id='line_1_14' title="bbox 172 990 2027 1044; baseline -0.002 -12"><span class='ocrx_word' id='word_1_141' title='bbox 172 992 288 1032; x_wconf 84' lang='lat' dir='ltr'><strong>filium</strong></span> <span class='ocrx_word' id='word_1_142' title='bbox 315 992 447 1044; x_wconf 82' lang='lat' dir='ltr'><strong>Polybi</strong></span> <span class='ocrx_word' id='word_1_143' title='bbox 474 1000 510 1031; x_wconf 91' lang='lat' dir='ltr'><strong>et</strong></span> <span class='ocrx_word' id='word_1_144' title='bbox 535 994 709 1042; x_wconf 82' lang='lat' dir='ltr'><strong>Meropes</strong></span> <span class='ocrx_word' id='word_1_145' title='bbox 736 991 855 1030; x_wconf 83' lang='lat' dir='ltr'><strong>docet.</strong></span> <span class='ocrx_word' id='word_1_146' title='bbox 907 994 995 1043; x_wconf 85' lang='lat' dir='ltr'><strong>lpse</strong></span> <span class='ocrx_word' id='word_1_147' title='bbox 1020 991 1117 1029; x_wconf 87' lang='lat' dir='ltr'><strong>euim</strong></span> <span class='ocrx_word' id='word_1_148' title='bbox 1143 990 1329 1042; x_wconf 84' lang='lat' dir='ltr'><strong>Oedipum</strong></span> <span class='ocrx_word' id='word_1_149' title='bbox 1355 991 1549 1041; x_wconf 90' lang='lat' dir='ltr'><strong>puerulum</strong></span> <span class='ocrx_word' id='word_1_150' title='bbox 1576 1005 1598 1028; x_wconf 90' lang='lat' dir='ltr'><strong>a</strong></span> <span class='ocrx_word' id='word_1_151' title='bbox 1623 1006 1749 1037; x_wconf 83' lang='lat' dir='ltr'><strong>servo,</strong></span> <span class='ocrx_word' id='word_1_152' title='bbox 1776 1006 1884 1043; x_wconf 88' lang='lat' dir='ltr'><strong>quem</strong></span> <span class='ocrx_word' id='word_1_153' title='bbox 1911 991 2027 1031; x_wconf 86' lang='lat' dir='ltr'><strong>Laius</strong></span> 
     </span>
     <span class='ocr_line' id='line_1_15' title="bbox 171 1050 2028 1103; baseline 0 -12"><span class='ocrx_word' id='word_1_154' title='bbox 171 1052 346 1091; x_wconf 80' lang='lat' dir='ltr'><strong>infantem</strong></span> <span class='ocrx_word' id='word_1_155' title='bbox 374 1052 413 1090; x_wconf 89' lang='lat' dir='ltr'><strong>iu</strong></span> <span class='ocrx_word' id='word_1_156' title='bbox 440 1051 662 1091; x_wconf 80' lang='lat' dir='ltr'><strong>Cithaerone</strong></span> <span class='ocrx_word' id='word_1_157' title='bbox 687 1051 851 1089; x_wconf 88' lang='lat' dir='ltr'><strong>occidere</strong></span> <span class='ocrx_word' id='word_1_158' title='bbox 877 1051 1054 1099; x_wconf 83' lang='lat' dir='ltr'><strong>iusserat,</strong></span> <span class='ocrx_word' id='word_1_159' title='bbox 1091 1050 1263 1089; x_wconf 86' lang='lat' dir='ltr'><strong>traditum</strong></span> <span class='ocrx_word' id='word_1_160' title='bbox 1290 1050 1336 1088; x_wconf 76' lang='lat' dir='ltr'><strong>ad</strong></span> <span class='ocrx_word' id='word_1_161' title='bbox 1366 1050 1546 1101; x_wconf 81' lang='lat' dir='ltr'><strong>Polybum</strong></span> <span class='ocrx_word' id='word_1_162' title='bbox 1573 1051 1767 1092; x_wconf 85' lang='lat' dir='ltr'><strong>detulerat.</strong></span> <span class='ocrx_word' id='word_1_163' title='bbox 1820 1054 1942 1103; x_wconf 84' lang='lat' dir='ltr'><strong>Atque</strong></span> <span class='ocrx_word' id='word_1_164' title='bbox 1968 1055 2028 1091; x_wconf 87' lang='grc' dir='ltr'><strong>Ιο-</strong></span> 
     </span>
     <span class='ocr_line' id='line_1_16' title="bbox 172 1109 2027 1165; baseline -0.001 -13"><span class='ocrx_word' id='word_1_165' title='bbox 172 1122 272 1153; x_wconf 79' lang='lat' dir='ltr'><strong>custa</strong></span> <span class='ocrx_word' id='word_1_166' title='bbox 309 1111 474 1162; x_wconf 84' lang='lat' dir='ltr'><strong>quidem,</strong></span> <span class='ocrx_word' id='word_1_167' title='bbox 511 1109 609 1150; x_wconf 84' lang='lat' dir='ltr'><strong>omni</strong></span> <span class='ocrx_word' id='word_1_168' title='bbox 644 1123 684 1149; x_wconf 88' lang='lat' dir='ltr'><strong>re</strong></span> <span class='ocrx_word' id='word_1_169' title='bbox 720 1110 832 1163; x_wconf 83' lang='lat' dir='ltr'><strong>plane</strong></span> <span class='ocrx_word' id='word_1_170' title='bbox 868 1119 1079 1164; x_wconf 88' lang='lat' dir='ltr'><strong>perspecta,</strong></span> <span class='ocrx_word' id='word_1_171' title='bbox 1114 1110 1225 1149; x_wconf 88' lang='lat' dir='ltr'><strong>rebus</strong></span> <span class='ocrx_word' id='word_1_172' title='bbox 1261 1109 1339 1148; x_wconf 91' lang='lat' dir='ltr'><strong>suis</strong></span> <span class='ocrx_word' id='word_1_173' title='bbox 1366 1109 1589 1163; x_wconf 84' lang='lat' dir='ltr'><strong>desperatis,</strong></span> <span class='ocrx_word' id='word_1_174' title='bbox 1626 1111 1794 1153; x_wconf 76' lang='lat' dir='ltr'><strong>discedit.</strong></span> <span class='ocrx_word' id='word_1_175' title='bbox 1859 1112 2027 1165; x_wconf 81' lang='lat' dir='ltr'><strong>Oedipus</strong></span> 
     </span>
     <span class='ocr_line' id='line_1_17' title="bbox 173 1170 2027 1226; baseline -0.001 -11"><span class='ocrx_word' id='word_1_176' title='bbox 173 1184 293 1215; x_wconf 85' lang='lat' dir='ltr'><strong>autem</strong></span> <span class='ocrx_word' id='word_1_177' title='bbox 321 1183 423 1214; x_wconf 88' lang='lat' dir='ltr'><strong>tanta</strong></span> <span class='ocrx_word' id='word_1_178' title='bbox 449 1172 650 1226; x_wconf 86' lang='lat' dir='ltr'><strong>cupiditate</strong></span> <span class='ocrx_word' id='word_1_179' title='bbox 676 1170 829 1222; x_wconf 84' lang='lat' dir='ltr'><strong>originis</strong></span> <span class='ocrx_word' id='word_1_180' title='bbox 856 1185 946 1211; x_wconf 87' lang='lat' dir='ltr'><strong>suae</strong></span> <span class='ocrx_word' id='word_1_181' title='bbox 972 1171 1220 1222; x_wconf 81' lang='lat' dir='ltr'><strong>exquirendae</strong></span> <span class='ocrx_word' id='word_1_182' title='bbox 1246 1170 1417 1210; x_wconf 87' lang='lat' dir='ltr'><strong>incensus</strong></span> <span class='ocrx_word' id='word_1_183' title='bbox 1443 1181 1518 1221; x_wconf 86' lang='lat' dir='ltr'><strong>est,</strong></span> <span class='ocrx_word' id='word_1_184' title='bbox 1554 1186 1661 1212; x_wconf 84' lang='lat' dir='ltr'><strong>servo</strong></span> <span class='ocrx_word' id='word_1_185' title='bbox 1696 1173 1763 1212; x_wconf 86' lang='lat' dir='ltr'><strong>illo</strong></span> <span class='ocrx_word' id='word_1_186' title='bbox 1791 1173 1877 1213; x_wconf 87' lang='lat' dir='ltr'><strong>Laii</strong></span> <span class='ocrx_word' id='word_1_187' title='bbox 1903 1188 2027 1214; x_wconf 82' lang='lat' dir='ltr'><strong>arces-</strong></span> 
     </span>
     <span class='ocr_line' id='line_1_18' title="bbox 170 1231 2029 1285; baseline -0.001 -9"><span class='ocrx_word' id='word_1_188' title='bbox 170 1236 260 1283; x_wconf 86' lang='lat' dir='ltr'><strong>sito,</strong></span> <span class='ocrx_word' id='word_1_189' title='bbox 298 1244 338 1275; x_wconf 88' lang='lat' dir='ltr'><strong>ut</strong></span> <span class='ocrx_word' id='word_1_190' title='bbox 374 1250 447 1274; x_wconf 88' lang='lat' dir='ltr'><strong>non</strong></span> <span class='ocrx_word' id='word_1_191' title='bbox 483 1232 692 1282; x_wconf 83' lang='lat' dir='ltr'><strong>desisteret,</strong></span> <span class='ocrx_word' id='word_1_192' title='bbox 728 1240 923 1284; x_wconf 87' lang='lat' dir='ltr'><strong>antequam</strong></span> <span class='ocrx_word' id='word_1_193' title='bbox 960 1247 1001 1272; x_wconf 90' lang='lat' dir='ltr'><strong>se</strong></span> <span class='ocrx_word' id='word_1_194' title='bbox 1027 1231 1111 1271; x_wconf 86' lang='lat' dir='ltr'><strong>Laii</strong></span> <span class='ocrx_word' id='word_1_195' title='bbox 1137 1231 1253 1271; x_wconf 84' lang='lat' dir='ltr'><strong>filium</strong></span> <span class='ocrx_word' id='word_1_196' title='bbox 1281 1246 1383 1282; x_wconf 92' lang='lat' dir='ltr'><strong>esse,</strong></span> <span class='ocrx_word' id='word_1_197' title='bbox 1419 1240 1559 1285; x_wconf 87' lang='lat' dir='ltr'><strong>patrem</strong></span> <span class='ocrx_word' id='word_1_198' title='bbox 1594 1232 1839 1282; x_wconf 70' lang='lat' dir='ltr'><strong>interfecisse,</strong></span> <span class='ocrx_word' id='word_1_199' title='bbox 1876 1234 2029 1276; x_wconf 82' lang='lat' dir='ltr'><strong>duxisse</strong></span> 
     </span>
     <span class='ocr_line' id='line_1_19' title="bbox 171 1293 2029 1349; baseline 0.001 -13"><span class='ocrx_word' id='word_1_200' title='bbox 171 1306 343 1346; x_wconf 88' lang='lat' dir='ltr'><strong>matrem,</strong></span> <span class='ocrx_word' id='word_1_201' title='bbox 378 1304 520 1348; x_wconf 86' lang='lat' dir='ltr'><strong>patrem</strong></span> <span class='ocrx_word' id='word_1_202' title='bbox 553 1293 783 1345; x_wconf 88' lang='lat' dir='ltr'><strong>eundemque</strong></span> <span class='ocrx_word' id='word_1_203' title='bbox 809 1294 956 1334; x_wconf 78' lang='lat' dir='ltr'><strong>fratrem</strong></span> <span class='ocrx_word' id='word_1_204' title='bbox 968 1293 1181 1334; x_wconf 40' lang='lat' dir='ltr'><strong>*liberorum</strong></span> <span class='ocrx_word' id='word_1_205' title='bbox 1206 1307 1356 1333; x_wconf 88' lang='lat' dir='ltr'><strong>suorum</strong></span> <span class='ocrx_word' id='word_1_206' title='bbox 1393 1308 1434 1333; x_wconf 84' lang='lat' dir='ltr'><strong>se</strong></span> <span class='ocrx_word' id='word_1_207' title='bbox 1459 1308 1541 1334; x_wconf 87' lang='lat' dir='ltr'><strong>esse</strong></span> <span class='ocrx_word' id='word_1_208' title='bbox 1567 1295 1757 1349; x_wconf 85' lang='lat' dir='ltr'><strong>reperiret.</strong></span> <span class='ocrx_word' id='word_1_209' title='bbox 1819 1300 1962 1337; x_wconf 80' lang='lat' dir='ltr'><strong>Iocasta</strong></span> <span class='ocrx_word' id='word_1_210' title='bbox 1987 1311 2029 1337; x_wconf 84' lang='lat' dir='ltr'><strong>se</strong></span> 
     </span>
     <span class='ocr_line' id='line_1_20' title="bbox 171 1354 1599 1410; baseline 0.001 -14"><span class='ocrx_word' id='word_1_211' title='bbox 171 1355 363 1410; x_wconf 86' lang='lat' dir='ltr'><strong>suspendit</strong></span> <span class='ocrx_word' id='word_1_212' title='bbox 371 1370 384 1404; x_wconf 91' lang='lat'>;</span> <span class='ocrx_word' id='word_1_213' title='bbox 431 1356 619 1410; x_wconf 83' lang='lat' dir='ltr'><strong>Oedipus,</strong></span> <span class='ocrx_word' id='word_1_214' title='bbox 647 1355 763 1396; x_wconf 87' lang='lat' dir='ltr'><strong>oculis</strong></span> <span class='ocrx_word' id='word_1_215' title='bbox 789 1355 953 1407; x_wconf 87' lang='lat' dir='ltr'><strong>effossis,</strong></span> <span class='ocrx_word' id='word_1_216' title='bbox 979 1355 1149 1398; x_wconf 85' lang='lat' dir='ltr'><strong>lamentis</strong></span> <span class='ocrx_word' id='word_1_217' title='bbox 1174 1354 1252 1395; x_wconf 81' lang='lat' dir='ltr'><strong>suis</strong></span> <span class='ocrx_word' id='word_1_218' title='bbox 1278 1354 1401 1395; x_wconf 84' lang='lat' dir='ltr'><strong>omnia</strong></span> <span class='ocrx_word' id='word_1_219' title='bbox 1426 1356 1599 1409; x_wconf 83' lang='lat' dir='ltr'><strong>complet.</strong></span> 
     </span>
    </p>
   </div>
   <div class='ocr_carea' id='block_1_3' title="bbox 170 1470 2029 2447">
    <p class='ocr_par' dir='ltr' id='par_1_3' title="bbox 170 1470 2029 2447">
     <span class='ocr_line' id='line_1_21' title="bbox 275 1470 2027 1529; baseline 0.003 -16"><span class='ocrx_word' id='word_1_220' title='bbox 275 1479 352 1515; x_wconf 85' lang='lat' dir='ltr'><strong>Iam</strong></span> <span class='ocrx_word' id='word_1_221' title='bbox 380 1471 553 1525; x_wconf 89' lang='lat' dir='ltr'><strong>quoniam</strong></span> <span class='ocrx_word' id='word_1_222' title='bbox 580 1484 662 1510; x_wconf 86' lang='lat' dir='ltr'><strong>eam</strong></span> <span class='ocrx_word' id='word_1_223' title='bbox 691 1470 938 1522; x_wconf 88' lang='lat' dir='ltr'><strong>quaestionem</strong></span> <span class='ocrx_word' id='word_1_224' title='bbox 966 1471 1202 1521; x_wconf 86' lang='lat' dir='ltr'><strong>instituimus,</strong></span> <span class='ocrx_word' id='word_1_225' title='bbox 1228 1481 1280 1522; x_wconf 87' lang='lat' dir='ltr'><strong>ut,</strong></span> <span class='ocrx_word' id='word_1_226' title='bbox 1307 1487 1402 1523; x_wconf 88' lang='lat' dir='ltr'><strong>quae</strong></span> <span class='ocrx_word' id='word_1_227' title='bbox 1428 1474 1570 1526; x_wconf 85' lang='lat' dir='ltr'><strong>peccati</strong></span> <span class='ocrx_word' id='word_1_228' title='bbox 1596 1476 1696 1528; x_wconf 79' lang='lat' dir='ltr'><strong>apud</strong></span> <span class='ocrx_word' id='word_1_229' title='bbox 1723 1477 1945 1529; x_wconf 83' lang='lat' dir='ltr'><strong>Sophoclem</strong></span> <span class='ocrx_word' id='word_1_230' title='bbox 1970 1478 2027 1518; x_wconf 79' lang='lat' dir='ltr'><strong>vis</strong></span> 
     </span>
     <span class='ocr_line' id='line_1_22' title="bbox 172 1532 2029 1586; baseline 0.002 -10"><span class='ocrx_word' id='word_1_231' title='bbox 172 1545 270 1576; x_wconf 89' lang='lat' dir='ltr'><strong>esset</strong></span> <span class='ocrx_word' id='word_1_232' title='bbox 295 1550 338 1575; x_wconf 87' lang='lat' dir='ltr'><strong>ac</strong></span> <span class='ocrx_word' id='word_1_233' title='bbox 365 1543 513 1583; x_wconf 85' lang='lat' dir='ltr'><strong>natura,</strong></span> <span class='ocrx_word' id='word_1_234' title='bbox 541 1532 829 1585; x_wconf 81' lang='lat' dir='ltr'><strong>explicaremus,</strong></span> <span class='ocrx_word' id='word_1_235' title='bbox 866 1532 906 1572; x_wconf 88' lang='lat' dir='ltr'><strong>iu</strong></span> <span class='ocrx_word' id='word_1_236' title='bbox 933 1533 1081 1586; x_wconf 90' lang='lat' dir='ltr'><strong>Oedipo</strong></span> <span class='ocrx_word' id='word_1_237' title='bbox 1108 1547 1227 1585; x_wconf 90' lang='lat' dir='ltr'><strong>neque</strong></span> <span class='ocrx_word' id='word_1_238' title='bbox 1253 1533 1396 1573; x_wconf 83' lang='lat' dir='ltr'><strong>animus</strong></span> <span class='ocrx_word' id='word_1_239' title='bbox 1422 1544 1478 1574; x_wconf 88' lang='lat' dir='ltr'><strong>est</strong></span> <span class='ocrx_word' id='word_1_240' title='bbox 1503 1535 1551 1574; x_wconf 89' lang='lat' dir='ltr'><strong>ad</strong></span> <span class='ocrx_word' id='word_1_241' title='bbox 1577 1536 1786 1577; x_wconf 81' lang='lat' dir='ltr'><strong>faciendum</strong></span> <span class='ocrx_word' id='word_1_242' title='bbox 1812 1539 1938 1578; x_wconf 81' lang='lat' dir='ltr'><strong>audax</strong></span> <span class='ocrx_word' id='word_1_243' title='bbox 1964 1548 2029 1579; x_wconf 83' lang='lat' dir='ltr'><strong>ant</strong></span> 
     </span>
     <span class='ocr_line' id='line_1_23' title="bbox 173 1592 2028 1651; baseline 0.002 -15"><span class='ocrx_word' id='word_1_244' title='bbox 173 1599 322 1650; x_wconf 88' lang='lat' dir='ltr'><strong>deorum</strong></span> <span class='ocrx_word' id='word_1_245' title='bbox 350 1604 505 1648; x_wconf 85' lang='lat' dir='ltr'><strong>spretor,</strong></span> <span class='ocrx_word' id='word_1_246' title='bbox 532 1593 677 1645; x_wconf 88' lang='lat' dir='ltr'><strong>qualem</strong></span> <span class='ocrx_word' id='word_1_247' title='bbox 704 1592 743 1631; x_wconf 86' lang='lat' dir='ltr'><strong>iu</strong></span> <span class='ocrx_word' id='word_1_248' title='bbox 766 1592 881 1632; x_wconf 85' lang='lat' dir='ltr'><strong>Aiace</strong></span> <span class='ocrx_word' id='word_1_249' title='bbox 907 1608 989 1633; x_wconf 87' lang='lat' dir='ltr'><strong>esse</strong></span> <span class='ocrx_word' id='word_1_250' title='bbox 1015 1594 1188 1644; x_wconf 82' lang='lat' dir='ltr'><strong>vidimus,</strong></span> <span class='ocrx_word' id='word_1_251' title='bbox 1215 1603 1252 1633; x_wconf 90' lang='lat' dir='ltr'><strong>et</strong></span> <span class='ocrx_word' id='word_1_252' title='bbox 1275 1595 1436 1648; x_wconf 84' lang='lat' dir='ltr'><strong>plurima</strong></span> <span class='ocrx_word' id='word_1_253' title='bbox 1461 1605 1546 1635; x_wconf 89' lang='lat' dir='ltr'><strong>sunt</strong></span> <span class='ocrx_word' id='word_1_254' title='bbox 1570 1611 1801 1651; x_wconf 89' lang='lat' dir='ltr'><strong>summopere</strong></span> <span class='ocrx_word' id='word_1_255' title='bbox 1826 1600 2028 1641; x_wconf 80' lang='lat' dir='ltr'><strong>laudanda.</strong></span> 
     </span>
     <span class='ocr_line' id='line_1_24' title="bbox 174 1653 2026 1709; baseline 0.001 -10"><span class='ocrx_word' id='word_1_256' title='bbox 174 1659 319 1699; x_wconf 86' lang='lat' dir='ltr'><strong>Civium</strong></span> <span class='ocrx_word' id='word_1_257' title='bbox 347 1657 443 1695; x_wconf 90' lang='lat' dir='ltr'><strong>enim</strong></span> <span class='ocrx_word' id='word_1_258' title='bbox 469 1669 617 1694; x_wconf 85' lang='lat' dir='ltr'><strong>suorum</strong></span> <span class='ocrx_word' id='word_1_259' title='bbox 643 1653 755 1694; x_wconf 88' lang='lat' dir='ltr'><strong>saluti</strong></span> <span class='ocrx_word' id='word_1_260' title='bbox 781 1654 1045 1694; x_wconf 87' lang='lat' dir='ltr'><strong>studiosissime</strong></span> <span class='ocrx_word' id='word_1_261' title='bbox 1071 1655 1261 1708; x_wconf 87' lang='lat' dir='ltr'><strong>prospicit,</strong></span> <span class='ocrx_word' id='word_1_262' title='bbox 1289 1655 1352 1706; x_wconf 84' lang='lat' dir='ltr'><strong>qui</strong></span> <span class='ocrx_word' id='word_1_263' title='bbox 1379 1655 1417 1694; x_wconf 88' lang='lat' dir='ltr'><strong>iu</strong></span> <span class='ocrx_word' id='word_1_264' title='bbox 1444 1671 1516 1696; x_wconf 90' lang='lat' dir='ltr'><strong>uno</strong></span> <span class='ocrx_word' id='word_1_265' title='bbox 1536 1671 1631 1709; x_wconf 62' lang='lat' dir='ltr'><strong>⁴rege</strong></span> <span class='ocrx_word' id='word_1_266' title='bbox 1656 1673 1724 1698; x_wconf 92' lang='lat' dir='ltr'><strong>suo</strong></span> <span class='ocrx_word' id='word_1_267' title='bbox 1750 1674 1893 1700; x_wconf 89' lang='lat' dir='ltr'><strong>omnem</strong></span> <span class='ocrx_word' id='word_1_268' title='bbox 1919 1675 2026 1701; x_wconf 74' lang='lat' dir='ltr'><strong>suam</strong></span> 
     </span>
     <span class='ocr_line' id='line_1_25' title="bbox 172 1716 2027 1772; baseline 0.002 -13"><span class='ocrx_word' id='word_1_269' title='bbox 172 1734 274 1772; x_wconf 89' lang='lat' dir='ltr'><strong>spem</strong></span> <span class='ocrx_word' id='word_1_270' title='bbox 303 1716 557 1768; x_wconf 82' lang='lat' dir='ltr'><strong>auxiliumque</strong></span> <span class='ocrx_word' id='word_1_271' title='bbox 583 1723 722 1769; x_wconf 89' lang='lat' dir='ltr'><strong>ponunt</strong></span> <span class='ocrx_word' id='word_1_272' title='bbox 762 1717 785 1754; x_wconf 92' lang='lat'>1</span> <span class='ocrx_word' id='word_1_273' title='bbox 812 1730 897 1768; x_wconf 82' lang='lat' dir='ltr'><strong>sqq.</strong></span> <span class='ocrx_word' id='word_1_274' title='bbox 956 1716 1017 1755; x_wconf 88' lang='lat' dir='ltr'><strong>Ad</strong></span> <span class='ocrx_word' id='word_1_275' title='bbox 1044 1716 1177 1755; x_wconf 84' lang='lat' dir='ltr'><strong>civium</strong></span> <span class='ocrx_word' id='word_1_276' title='bbox 1204 1717 1359 1756; x_wconf 85' lang='lat' dir='ltr'><strong>salutem</strong></span> <span class='ocrx_word' id='word_1_277' title='bbox 1385 1717 1654 1770; x_wconf 86' lang='lat' dir='ltr'><strong>expediendam</strong></span> <span class='ocrx_word' id='word_1_278' title='bbox 1680 1719 1774 1759; x_wconf 84' lang='lat' dir='ltr'><strong>nihil</strong></span> <span class='ocrx_word' id='word_1_279' title='bbox 1800 1735 1874 1761; x_wconf 87' lang='lat' dir='ltr'><strong>nou</strong></span> <span class='ocrx_word' id='word_1_280' title='bbox 1900 1729 2027 1763; x_wconf 84' lang='lat' dir='ltr'><strong>tentat.</strong></span> 
     </span>
     <span class='ocr_line' id='line_1_26' title="bbox 173 1772 2028 1838; baseline 0.003 -20"><span class='ocrx_word' id='word_1_281' title='bbox 173 1780 250 1828; x_wconf 82' lang='lat' dir='ltr'><strong>Qui</strong></span> <span class='ocrx_word' id='word_1_282' title='bbox 276 1772 374 1830; x_wconf 81' lang='lat' dir='ltr'><strong>quod¹</strong></span> <span class='ocrx_word' id='word_1_283' title='bbox 392 1777 611 1831; x_wconf 51' lang='lat' dir='ltr'><strong>,pestilentia</strong></span> <span class='ocrx_word' id='word_1_284' title='bbox 637 1785 873 1829; x_wconf 86' lang='lat' dir='ltr'><strong>premantur,</strong></span> <span class='ocrx_word' id='word_1_285' title='bbox 909 1777 988 1816; x_wconf 90' lang='lat' dir='ltr'><strong>eius</strong></span> <span class='ocrx_word' id='word_1_286' title='bbox 1015 1778 1068 1815; x_wconf 89' lang='lat' dir='ltr'><strong>rei</strong></span> <span class='ocrx_word' id='word_1_287' title='bbox 1096 1779 1242 1830; x_wconf 89' lang='lat' dir='ltr'><strong>culpam</strong></span> <span class='ocrx_word' id='word_1_288' title='bbox 1269 1778 1306 1817; x_wconf 90' lang='lat' dir='ltr'><strong>in</strong></span> <span class='ocrx_word' id='word_1_289' title='bbox 1334 1793 1375 1818; x_wconf 86' lang='lat' dir='ltr'><strong>se</strong></span> <span class='ocrx_word' id='word_1_290' title='bbox 1401 1779 1555 1818; x_wconf 81' lang='lat' dir='ltr'><strong>conferri</strong></span> <span class='ocrx_word' id='word_1_291' title='bbox 1582 1795 1655 1819; x_wconf 86' lang='lat' dir='ltr'><strong>non</strong></span> <span class='ocrx_word' id='word_1_292' title='bbox 1681 1796 1812 1834; x_wconf 87' lang='lat' dir='ltr'><strong>posse,</strong></span> <span class='ocrx_word' id='word_1_293' title='bbox 1838 1792 2028 1838; x_wconf 81' lang='lat' dir='ltr'><strong>tantopere</strong></span> 
     </span>
     <span class='ocr_line' id='line_1_27' title="bbox 172 1837 2027 1896; baseline 0.003 -16"><span class='ocrx_word' id='word_1_294' title='bbox 172 1842 207 1880; x_wconf 87' lang='lat' dir='ltr'><strong>ei</strong></span> <span class='ocrx_word' id='word_1_295' title='bbox 235 1853 450 1893; x_wconf 71' lang='lat' dir='ltr'><strong>persuasum</strong></span> <span class='ocrx_word' id='word_1_296' title='bbox 476 1846 544 1885; x_wconf 87' lang='lat' dir='ltr'><strong>est,</strong></span> <span class='ocrx_word' id='word_1_297' title='bbox 572 1846 612 1877; x_wconf 88' lang='lat' dir='ltr'><strong>ut</strong></span> <span class='ocrx_word' id='word_1_298' title='bbox 640 1840 847 1887; x_wconf 84' lang='lat' dir='ltr'><strong>Creontem,</strong></span> <span class='ocrx_word' id='word_1_299' title='bbox 872 1837 1032 1890; x_wconf 87' lang='lat' dir='ltr'><strong>Delphis</strong></span> <span class='ocrx_word' id='word_1_300' title='bbox 1058 1838 1283 1889; x_wconf 88' lang='lat' dir='ltr'><strong>redeuntem,</strong></span> <span class='ocrx_word' id='word_1_301' title='bbox 1311 1853 1406 1890; x_wconf 92' lang='lat' dir='ltr'><strong>quae</strong></span> <span class='ocrx_word' id='word_1_302' title='bbox 1431 1839 1523 1879; x_wconf 90' lang='lat' dir='ltr'><strong>deus</strong></span> <span class='ocrx_word' id='word_1_303' title='bbox 1549 1843 1790 1896; x_wconf 82' lang='lat' dir='ltr'><strong>praeceperit,</strong></span> <span class='ocrx_word' id='word_1_304' title='bbox 1818 1845 1881 1884; x_wconf 87' lang='lat' dir='ltr'><strong>vel</strong></span> <span class='ocrx_word' id='word_1_305' title='bbox 1907 1860 2027 1886; x_wconf 82' lang='lat' dir='ltr'><strong>coram</strong></span> 
     </span>
     <span class='ocr_line' id='line_1_28' title="bbox 172 1898 2027 1955; baseline 0.003 -15"><span class='ocrx_word' id='word_1_306' title='bbox 172 1901 343 1942; x_wconf 86' lang='lat' dir='ltr'><strong>omnibus</strong></span> <span class='ocrx_word' id='word_1_307' title='bbox 368 1899 494 1952; x_wconf 86' lang='lat' dir='ltr'><strong>palam</strong></span> <span class='ocrx_word' id='word_1_308' title='bbox 520 1898 757 1951; x_wconf 88' lang='lat' dir='ltr'><strong>pronuntiare</strong></span> <span class='ocrx_word' id='word_1_309' title='bbox 783 1898 910 1937; x_wconf 81' lang='lat' dir='ltr'><strong>iubeat</strong></span> <span class='ocrx_word' id='word_1_310' title='bbox 953 1900 1018 1940; x_wconf 87' lang='grc'><strong>93.</strong></span> <span class='ocrx_word' id='word_1_311' title='bbox 1085 1901 1324 1955; x_wconf 80' lang='lat' dir='ltr'><strong>Summopere</strong></span> <span class='ocrx_word' id='word_1_312' title='bbox 1350 1900 1490 1950; x_wconf 82' lang='lat' dir='ltr'><strong>studet,</strong></span> <span class='ocrx_word' id='word_1_313' title='bbox 1525 1910 1586 1948; x_wconf 85' lang='lat' dir='ltr'><strong>ut,</strong></span> <span class='ocrx_word' id='word_1_314' title='bbox 1621 1916 1646 1941; x_wconf 84' lang='lat' dir='ltr'><strong>a</strong></span> <span class='ocrx_word' id='word_1_315' title='bbox 1671 1918 1744 1954; x_wconf 88' lang='lat' dir='ltr'><strong>quo</strong></span> <span class='ocrx_word' id='word_1_316' title='bbox 1771 1905 1889 1947; x_wconf 78' lang='lat' dir='ltr'><strong>Laius</strong></span> <span class='ocrx_word' id='word_1_317' title='bbox 1913 1906 2027 1946; x_wconf 87' lang='lat' dir='ltr'><strong>iuter-</strong></span> 
     </span>
     <span class='ocr_line' id='line_1_29' title="bbox 171 1959 2027 2018; baseline 0.003 -17"><span class='ocrx_word' id='word_1_318' title='bbox 171 1963 288 2001; x_wconf 84' lang='lat' dir='ltr'><strong>fectus</strong></span> <span class='ocrx_word' id='word_1_319' title='bbox 314 1960 381 2009; x_wconf 85' lang='lat' dir='ltr'><strong>sit,</strong></span> <span class='ocrx_word' id='word_1_320' title='bbox 420 1968 617 2010; x_wconf 83' lang='lat' dir='ltr'><strong>cognoscat</strong></span> <span class='ocrx_word' id='word_1_321' title='bbox 657 1960 747 1999; x_wconf 85' lang='lat'><strong>132.</strong></span> <span class='ocrx_word' id='word_1_322' title='bbox 774 1960 866 2000; x_wconf 84' lang='lat'><strong>216.</strong></span> <span class='ocrx_word' id='word_1_323' title='bbox 920 1961 1005 2008; x_wconf 76' lang='lat' dir='ltr'><strong>Quo</strong></span> <span class='ocrx_word' id='word_1_324' title='bbox 1032 1959 1153 1999; x_wconf 87' lang='lat' dir='ltr'><strong>studio</strong></span> <span class='ocrx_word' id='word_1_325' title='bbox 1178 1960 1226 1999; x_wconf 87' lang='lat' dir='ltr'><strong>ad</strong></span> <span class='ocrx_word' id='word_1_326' title='bbox 1252 1974 1338 1999; x_wconf 85' lang='lat' dir='ltr'><strong>suas</strong></span> <span class='ocrx_word' id='word_1_327' title='bbox 1364 1974 1423 2000; x_wconf 91' lang='lat' dir='ltr'><strong>res</strong></span> <span class='ocrx_word' id='word_1_328' title='bbox 1447 1960 1686 2012; x_wconf 84' lang='lat' dir='ltr'><strong>inquirendas</strong></span> <span class='ocrx_word' id='word_1_329' title='bbox 1711 1963 1910 2014; x_wconf 89' lang='lat' dir='ltr'><strong>deductus,</strong></span> <span class='ocrx_word' id='word_1_330' title='bbox 1945 1967 2027 2018; x_wconf 87' lang='lat' dir='ltr'><strong>ubi,</strong></span> 
     </span>
     <span class='ocr_line' id='line_1_30' title="bbox 171 2018 2027 2076; baseline 0.003 -14"><span class='ocrx_word' id='word_1_331' title='bbox 171 2021 346 2063; x_wconf 88' lang='lat' dir='ltr'><strong>memoria</strong></span> <span class='ocrx_word' id='word_1_332' title='bbox 371 2018 592 2073; x_wconf 85' lang='lat' dir='ltr'><strong>praeteritae</strong></span> <span class='ocrx_word' id='word_1_333' title='bbox 616 2033 708 2058; x_wconf 86' lang='lat' dir='ltr'><strong>suae</strong></span> <span class='ocrx_word' id='word_1_334' title='bbox 734 2020 834 2059; x_wconf 80' lang='lat' dir='ltr'><strong>vitae</strong></span> <span class='ocrx_word' id='word_1_335' title='bbox 859 2029 1066 2068; x_wconf 86' lang='lat' dir='ltr'><strong>retractata,</strong></span> <span class='ocrx_word' id='word_1_336' title='bbox 1094 2034 1190 2072; x_wconf 90' lang='lat' dir='ltr'><strong>quae</strong></span> <span class='ocrx_word' id='word_1_337' title='bbox 1215 2021 1350 2073; x_wconf 87' lang='lat' dir='ltr'><strong>Apollo</strong></span> <span class='ocrx_word' id='word_1_338' title='bbox 1376 2035 1418 2060; x_wconf 88' lang='lat' dir='ltr'><strong>se</strong></span> <span class='ocrx_word' id='word_1_339' title='bbox 1444 2034 1574 2061; x_wconf 85' lang='lat' dir='ltr'><strong>cavere</strong></span> <span class='ocrx_word' id='word_1_340' title='bbox 1599 2022 1782 2076; x_wconf 83' lang='lat' dir='ltr'><strong>iussisset,</strong></span> <span class='ocrx_word' id='word_1_341' title='bbox 1816 2027 2027 2068; x_wconf 83' lang='lat' dir='ltr'><strong>recordatus</strong></span> 
     </span>
     <span class='ocr_line' id='line_1_31' title="bbox 172 2079 2026 2137; baseline 0.004 -15"><span class='ocrx_word' id='word_1_342' title='bbox 172 2092 245 2132; x_wconf 83' lang='lat' dir='ltr'><strong>est,</strong></span> <span class='ocrx_word' id='word_1_343' title='bbox 281 2091 470 2133; x_wconf 84' lang='lat' dir='ltr'><strong>tantopere</strong></span> <span class='ocrx_word' id='word_1_344' title='bbox 496 2080 627 2119; x_wconf 82' lang='lat' dir='ltr'><strong>horum</strong></span> <span class='ocrx_word' id='word_1_345' title='bbox 653 2079 832 2119; x_wconf 89' lang='lat' dir='ltr'><strong>scelerum</strong></span> <span class='ocrx_word' id='word_1_346' title='bbox 857 2080 1083 2119; x_wconf 84' lang='lat' dir='ltr'><strong>immanitate</strong></span> <span class='ocrx_word' id='word_1_347' title='bbox 1108 2081 1351 2132; x_wconf 84' lang='lat' dir='ltr'><strong>exhorrescit,</strong></span> <span class='ocrx_word' id='word_1_348' title='bbox 1389 2090 1430 2121; x_wconf 92' lang='lat' dir='ltr'><strong>ut</strong></span> <span class='ocrx_word' id='word_1_349' title='bbox 1454 2083 1549 2122; x_wconf 91' lang='lat' dir='ltr'><strong>mori</strong></span> <span class='ocrx_word' id='word_1_350' title='bbox 1568 2119 1576 2123; x_wconf 73' lang='grc'><strong>.,</strong></span> <span class='ocrx_word' id='word_1_351' title='bbox 1587 2098 1697 2137; x_wconf 82' lang='lat' dir='ltr'><strong>quam</strong></span> <span class='ocrx_word' id='word_1_352' title='bbox 1734 2095 1873 2127; x_wconf 83' lang='lat' dir='ltr'><strong>tantam</strong></span> <span class='ocrx_word' id='word_1_353' title='bbox 1903 2088 2026 2129; x_wconf 75' lang='lat' dir='ltr'><strong>laben</strong></span> 
     </span>
     <span class='ocr_line' id='line_1_32' title="bbox 170 2141 2026 2201; baseline 0.003 -18"><span class='ocrx_word' id='word_1_354' title='bbox 170 2143 210 2183; x_wconf 88' lang='lat' dir='ltr'><strong>in</strong></span> <span class='ocrx_word' id='word_1_355' title='bbox 236 2157 276 2182; x_wconf 86' lang='lat' dir='ltr'><strong>se</strong></span> <span class='ocrx_word' id='word_1_356' title='bbox 302 2141 492 2180; x_wconf 86' lang='lat' dir='ltr'><strong>admittere</strong></span> <span class='ocrx_word' id='word_1_357' title='bbox 518 2141 622 2180; x_wconf 87' lang='lat' dir='ltr'><strong>malit</strong></span> <span class='ocrx_word' id='word_1_358' title='bbox 660 2141 752 2181; x_wconf 84' lang='lat'><strong>830.</strong></span> <span class='ocrx_word' id='word_1_359' title='bbox 805 2142 927 2189; x_wconf 79' lang='lat' dir='ltr'><strong>Quam</strong></span> <span class='ocrx_word' id='word_1_360' title='bbox 953 2141 1073 2180; x_wconf 88' lang='lat' dir='ltr'><strong>labem</strong></span> <span class='ocrx_word' id='word_1_361' title='bbox 1101 2150 1142 2180; x_wconf 88' lang='lat' dir='ltr'><strong>ut</strong></span> <span class='ocrx_word' id='word_1_362' title='bbox 1169 2141 1367 2193; x_wconf 83' lang='lat' dir='ltr'><strong>effugeret,</strong></span> <span class='ocrx_word' id='word_1_363' title='bbox 1409 2143 1625 2184; x_wconf 85' lang='lat' dir='ltr'><strong>Corinthum</strong></span> <span class='ocrx_word' id='word_1_364' title='bbox 1649 2146 1807 2198; x_wconf 81' lang='lat' dir='ltr'><strong>patriam</strong></span> <span class='ocrx_word' id='word_1_365' title='bbox 1834 2158 2026 2201; x_wconf 82' lang='lat' dir='ltr'><strong>parentes-</strong></span> 
     </span>
     <span class='ocr_line' id='line_1_33' title="bbox 173 2201 2027 2264; baseline 0.004 -21"><span class='ocrx_word' id='word_1_366' title='bbox 173 2218 245 2257; x_wconf 84' lang='lat' dir='ltr'><strong>que</strong></span> <span class='ocrx_word' id='word_1_367' title='bbox 271 2202 329 2243; x_wconf 89' lang='lat' dir='ltr'><strong>sui</strong></span> <span class='ocrx_word' id='word_1_368' title='bbox 356 2201 644 2251; x_wconf 86' lang='lat' dir='ltr'><strong>amantissimos,</strong></span> <span class='ocrx_word' id='word_1_369' title='bbox 671 2202 802 2253; x_wconf 85' lang='lat' dir='ltr'><strong>quales</strong></span> <span class='ocrx_word' id='word_1_370' title='bbox 827 2201 867 2242; x_wconf 90' lang='lat' dir='ltr'><strong>in</strong></span> <span class='ocrx_word' id='word_1_371' title='bbox 893 2216 976 2243; x_wconf 89' lang='lat' dir='ltr'><strong>eum</strong></span> <span class='ocrx_word' id='word_1_372' title='bbox 1002 2217 1042 2242; x_wconf 87' lang='lat' dir='ltr'><strong>se</strong></span> <span class='ocrx_word' id='word_1_373' title='bbox 1068 2202 1232 2256; x_wconf 82' lang='lat' dir='ltr'><strong>Polybus</strong></span> <span class='ocrx_word' id='word_1_374' title='bbox 1258 2212 1295 2243; x_wconf 86' lang='lat' dir='ltr'><strong>et</strong></span> <span class='ocrx_word' id='word_1_375' title='bbox 1320 2206 1475 2257; x_wconf 87' lang='lat' dir='ltr'><strong>Merope</strong></span> <span class='ocrx_word' id='word_1_376' title='bbox 1499 2206 1763 2258; x_wconf 75' lang='lat' dir='ltr'><strong>praebuerant,</strong></span> <span class='ocrx_word' id='word_1_377' title='bbox 1799 2208 1886 2249; x_wconf 85' lang='lat' dir='ltr'><strong>data</strong></span> <span class='ocrx_word' id='word_1_378' title='bbox 1910 2224 2027 2264; x_wconf 78' lang='lat' dir='ltr'><strong>opera</strong></span> 
     </span>
     <span class='ocr_line' id='line_1_34' title="bbox 175 2261 2027 2326; baseline 0.003 -20"><span class='ocrx_word' id='word_1_379' title='bbox 175 2265 351 2306; x_wconf 80' lang='lat' dir='ltr'><strong>vitaverat</strong></span> <span class='ocrx_word' id='word_1_380' title='bbox 396 2263 487 2305; x_wconf 85' lang='lat'><strong>794.</strong></span> <span class='ocrx_word' id='word_1_381' title='bbox 547 2261 641 2311; x_wconf 80' lang='lat' dir='ltr'><strong>Quis</strong></span> <span class='ocrx_word' id='word_1_382' title='bbox 668 2271 724 2302; x_wconf 85' lang='lat' dir='ltr'><strong>est</strong></span> <span class='ocrx_word' id='word_1_383' title='bbox 748 2263 882 2315; x_wconf 86' lang='lat' dir='ltr'><strong>igitur,</strong></span> <span class='ocrx_word' id='word_1_384' title='bbox 917 2263 1006 2316; x_wconf 81' lang='lat' dir='ltr'><strong>quin</strong></span> <span class='ocrx_word' id='word_1_385' title='bbox 1031 2263 1174 2315; x_wconf 82' lang='lat' dir='ltr'><strong>videat,</strong></span> <span class='ocrx_word' id='word_1_386' title='bbox 1214 2278 1355 2305; x_wconf 89' lang='lat' dir='ltr'><strong>omnem</strong></span> <span class='ocrx_word' id='word_1_387' title='bbox 1381 2265 1561 2318; x_wconf 85' lang='lat' dir='ltr'><strong>peccandi</strong></span> <span class='ocrx_word' id='word_1_388' title='bbox 1584 2267 1774 2309; x_wconf 76' lang='lat' dir='ltr'><strong>libidine·</strong></span> <span class='ocrx_word' id='word_1_389' title='bbox 1800 2270 1850 2310; x_wconf 81' lang='lat' dir='ltr'><strong>ab</strong></span> <span class='ocrx_word' id='word_1_390' title='bbox 1877 2271 2027 2326; x_wconf 86' lang='lat' dir='ltr'><strong>Oedipo</strong></span> 
     </span>
     <span class='ocr_line' id='line_1_35' title="bbox 172 2323 2026 2378; baseline 0.006 -16"><span class='ocrx_word' id='word_1_391' title='bbox 172 2326 287 2367; x_wconf 65' lang='lat' dir='ltr'><strong>suisne</strong></span> <span class='ocrx_word' id='word_1_392' title='bbox 323 2339 474 2377; x_wconf 86' lang='lat' dir='ltr'><strong>prorsus</strong></span> <span class='ocrx_word' id='word_1_393' title='bbox 510 2323 697 2363; x_wconf 77' lang='lat' dir='ltr'><strong>alienam?</strong></span> <span class='ocrx_word' id='word_1_394' title='bbox 750 2326 898 2377; x_wconf 16' lang='lat' dir='ltr'><strong>Neque*</strong></span> <span class='ocrx_word' id='word_1_395' title='bbox 918 2333 1038 2365; x_wconf 85' lang='lat' dir='ltr'><strong>tamen</strong></span> <span class='ocrx_word' id='word_1_396' title='bbox 1073 2325 1173 2376; x_wconf 69' lang='lat' dir='ltr'><strong>ullus</strong></span> <span class='ocrx_word' id='word_1_397' title='bbox 1200 2339 1361 2378; x_wconf 85' lang='lat' dir='ltr'><strong>unquam</strong></span> <span class='ocrx_word' id='word_1_398' title='bbox 1385 2325 1496 2366; x_wconf 85' lang='lat' dir='ltr'><strong>bomo</strong></span> <span class='ocrx_word' id='word_1_399' title='bbox 1521 2327 1561 2366; x_wconf 88' lang='lat' dir='ltr'><strong>iu</strong></span> <span class='ocrx_word' id='word_1_400' title='bbox 1585 2328 1725 2368; x_wconf 85' lang='lat' dir='ltr'><strong>maiore</strong></span> <span class='ocrx_word' id='word_1_401' title='bbox 1751 2329 1823 2371; x_wconf 81' lang='lat' dir='ltr'><strong>fuit</strong></span> <span class='ocrx_word' id='word_1_402' title='bbox 1847 2332 2026 2373; x_wconf 71' lang='lat' dir='ltr'><strong>sceleru-</strong></span> 
     </span>
     <span class='ocr_line' id='line_1_36' title="bbox 174 2385 2026 2447; baseline 0.006 -22"><span class='ocrx_word' id='word_1_403' title='bbox 174 2386 413 2439; x_wconf 85' lang='lat' dir='ltr'><strong>turpitudine.</strong></span> <span class='ocrx_word' id='word_1_404' title='bbox 477 2385 657 2428; x_wconf 84' lang='lat' dir='ltr'><strong>Nimirum</strong></span> <span class='ocrx_word' id='word_1_405' title='bbox 689 2385 789 2438; x_wconf 88' lang='lat' dir='ltr'><strong>quod</strong></span> <span class='ocrx_word' id='word_1_406' title='bbox 814 2386 931 2428; x_wconf 80' lang='lat' dir='ltr'><strong>Laius</strong></span> <span class='ocrx_word' id='word_1_407' title='bbox 956 2396 1061 2441; x_wconf 88' lang='lat' dir='ltr'><strong>pater</strong></span> <span class='ocrx_word' id='word_1_408' title='bbox 1087 2386 1160 2428; x_wconf 86' lang='lat' dir='ltr'><strong>diis</strong></span> <span class='ocrx_word' id='word_1_409' title='bbox 1185 2387 1311 2429; x_wconf 82' lang='lat' dir='ltr'><strong>invitis</strong></span> <span class='ocrx_word' id='word_1_410' title='bbox 1337 2386 1536 2440; x_wconf 85' lang='lat' dir='ltr'><strong>commisit,</strong></span> <span class='ocrx_word' id='word_1_411' title='bbox 1573 2398 1613 2429; x_wconf 89' lang='lat' dir='ltr'><strong>ut</strong></span> <span class='ocrx_word' id='word_1_412' title='bbox 1647 2389 1767 2432; x_wconf 83' lang='lat' dir='ltr'><strong>filium</strong></span> <span class='ocrx_word' id='word_1_413' title='bbox 1803 2403 2026 2447; x_wconf 78' lang='lat' dir='ltr'><strong>procrearet,</strong></span> 
     </span>
    </p>
   </div>
  </div>
 </body>
</html>
