2270 2915
922 156 1196 201 ...5.-

136 299 225 327 num
259 298 386 326 verum
422 283 491 334 sit,
529 281 628 334 quod
662 282 775 335 vulgo
812 282 956 334 dicant,
991 284 1041 324 ab
1075 283 1159 338 ipso
1185 283 1348 337 pecudes
1372 283 1609 336 interemptas
1634 297 1735 334 esse,
1772 283 1991 338 circunspi-

136 348 310 399 cientem,
344 345 534 387 certiorem
568 342 675 394 facit,
711 358 735 384 a
770 359 813 385 se
849 344 1020 393 Aiacem,
1055 345 1130 385 iam
1166 345 1279 385 duces
1318 345 1420 398 ipsos
1446 345 1729 395 trucidatorum,
1765 345 1805 384 in
1832 345 1993 386 fuere·

135 411 336 452 coniectum
363 420 446 447 esse
473 413 509 445 et
534 404 583 445 ad
609 405 770 457 pecudes
796 420 978 448 aversum.
1040 408 1089 446 Et
1113 406 1236 460 ipsum
1263 405 1414 446 Aiacem
1450 420 1499 446 ex
1525 405 1680 446 tentorio
1706 415 1900 459 provocat,
1937 414 1993 457 ut,

134 481 269 525 quanto
294 468 427 509 mentis
453 480 575 506 errore
600 466 850 517 adversarius,
888 467 952 519 qni
989 475 1097 507 antea
1134 466 1353 507 fortissimus
1389 476 1426 506 et
1461 467 1623 520 optimus
1656 466 1788 516 suerit,
1824 467 1991 517 ducatur,

133 539 343 584 quantaque
368 529 416 569 sit
442 527 593 566 deorum
618 526 877 566 immortalium
904 528 1084 580 potentia,
1121 528 1254 567 Ulixes
1291 542 1465 581 praesens
1492 528 1693 579 intelligat,
1730 528 1987 579 admonetque,

131 600 325 644 postquam
352 591 418 629 ille
444 588 555 637 abiit,
595 602 642 625 ue
669 602 828 638 unquam
857 597 920 627 aut
945 588 984 626 in
1012 588 1100 628 deos
1127 599 1189 628 aut
1215 589 1254 627 in
1281 589 1451 627 homines
1477 588 1676 628 insolenter
1702 603 1743 627 se
1769 597 1874 639 gerat
1913 589 1990 627 127

133 666 213 703 sqq.
269 649 462 703 (Dindorl'.
490 652 593 688 Poet.
621 649 751 697 Scen.)
805 651 934 701 Neque
960 649 1059 689 Aiax
1084 649 1185 703 ipse,
1222 649 1354 689 mentis
1380 663 1529 702 compos
1555 649 1686 697 sactus,
1724 649 1884 700 ignorat,
1913 648 1991 688 Mi-

132 727 280 752 nervam
307 726 407 762 esse,
443 725 467 750 a
493 724 567 762 qua
592 709 744 748 infamia
771 724 970 763 oppressus
996 720 1123 763 pereat
1175 710 1267 751 401.
1293 710 1391 760 450,
1439 725 1553 761 seque
1588 711 1661 750 diis
1696 711 1791 750 adeo
1828 709 1989 749 invisum

132 789 214 814 esse
249 773 356 813 uxori
396 770 603 813 obsecranti
640 780 676 810 et
712 785 781 823 per
816 772 905 811 deos
942 771 1137 813 obtestanti
1163 772 1378 825 respondet,
1414 771 1510 810 nihil
1536 781 1576 810 ut
1603 771 1661 811 his
1686 771 1761 811 iam
1787 785 1827 811 se
1854 771 1990 811 debere

131 836 247 874 libere
272 835 487 886 profiteatur
524 833 617 873 589.
670 833 747 871 Sed
775 832 865 884 quid
888 833 988 872 Aiax
1014 833 1233 885 peccaverit,
1262 832 1477 872 Calchantis
1504 833 1625 871 verbis
1651 832 1804 885 exponit
1829 832 1991 872 nuntius.

131 900 174 937 ln
199 897 338 937 bellum
365 895 462 936 enim
489 894 737 947 profecturus,
774 908 886 946 quum
913 908 937 934 a
962 903 1068 947 patre
1095 894 1370 944 admoneretur,
1399 903 1439 934 ut
1465 893 1568 934 sortis
1594 904 1711 945 esset,
1747 893 1812 934 sed
1841 893 1991 933 deorum

131 972 172 997 se
197 957 466 996 commendaret
490 955 598 1001 fidei,
630 955 734 993 inani
758 955 933 1007 superbia
959 956 1097 1003 elatus,
1137 955 1210 994 sibi
1236 955 1362 993 divino
1388 955 1531 993 auxilio
1557 969 1653 1006 opus
1679 969 1763 994 esse
1788 963 1991 1005 negaverat

131 1020 210 1058 762
235 1032 319 1069 sqq.
372 1017 474 1055 ldem
501 1029 615 1067 quum
640 1014 689 1054 ab
716 1014 798 1068 ipsa
813 1014 984 1055 Minerva
1009 1015 1058 1055 ad
1084 1014 1225 1055 fortiter
1249 1014 1490 1069 pugnandum
1517 1014 1739 1065 incitaretur,
1765 1015 1873 1055 deam
1900 1013 1987 1055 aliia

130 1078 260 1118 adesse
285 1078 463 1125 iusserat3
509 1091 578 1116 sua
613 1090 655 1115 se
689 1085 820 1128 sponte
846 1077 991 1115 hostem
1017 1077 1278 1128 propulsurum
1305 1090 1386 1115 esse
1426 1079 1502 1115 771
1529 1091 1614 1128 sqq.
1678 1077 1750 1116 His
1776 1077 1888 1116 rebus
1914 1075 1987 1115 im-

129 1139 348 1193 placabilem
374 1137 564 1177 Minervae
589 1135 662 1175 sibi
687 1136 779 1176 iram
806 1137 1076 1188 conciliaverat,
1103 1137 1216 1188 quod,
1244 1151 1341 1189 quae
1368 1136 1553 1177 hominem
1579 1137 1762 1187 decerent,
1790 1152 1863 1176 non
1892 1152 1985 1177 sen-

131 1201 213 1240 tiret
240 1202 329 1240 761.
356 1201 447 1240 777.
498 1197 677 1237 Homines
702 1197 799 1236 enim
832 1198 1000 1248 quamvis
1037 1198 1086 1237 ad
1113 1198 1228 1237 multa
1266 1207 1304 1237 et
1340 1199 1532 1251 praeclara
1568 1199 1761 1238 efficienda
1798 1199 1877 1251 apti
1914 1199 1988 1238 sint

129 1261 326 1312 multisque
352 1274 396 1299 ac
420 1258 695 1313 praestantibus
721 1258 917 1298 virtutibus
942 1258 1144 1308 excellant,
1172 1268 1305 1309 tamen,
1333 1274 1404 1299 non
1428 1259 1551 1299 omnia
1577 1273 1654 1300 ase
1666 1260 1746 1299 fieri
1761 1274 1884 1313 posse,
1912 1259 1988 1299 sibi

132 1322 388 1376 persuadeant,
416 1320 604 1374 sapienter
622 1319 791 1359 diffidant
803 1320 881 1359 suis
894 1321 1017 1367 rebus,
1045 1320 1207 1360 modeste
1220 1331 1256 1360 et
1269 1336 1350 1359 cum
1364 1321 1513 1360 deorum
1527 1321 1676 1369 fiducia,
1704 1321 1882 1374 quidquid
1902 1336 1987 1361 sus·

130 1384 268 1438 cipiant
293 1384 354 1423 vel
379 1381 585 1435 suscepturi
611 1381 702 1428 sint,
740 1381 1017 1433 aggrediantur.
1079 1385 1171 1422 Nam
1199 1382 1252 1421 dii
1278 1382 1502 1423 immortales
1529 1398 1554 1423 a
1580 1383 1750 1437 superbis
1776 1383 1987 1423 hominibus

129 1446 443 1497 insolentibusque
478 1457 618 1496 poenas
654 1453 824 1496 repetunt
849 1444 1087 1494 gravissimas
1127 1445 1219 1484 758.
1287 1447 1440 1484 Frustra
1477 1445 1590 1496 igitur
1626 1445 1754 1493 amici,
1791 1455 1986 1498 postquam

132 1508 249 1559 Aiax,
286 1506 393 1560 quasi
420 1520 468 1544 ex
502 1504 730 1544 miseriarum
757 1505 929 1545 fluctibus
955 1520 1167 1555 emergens,
1204 1520 1244 1545 se
1271 1505 1341 1545 diis
1366 1520 1552 1545 cessurum
1578 1516 1615 1546 et
1639 1521 1789 1559 operam
1816 1506 1986 1545 daturum

128 1584 229 1620 esse,
266 1578 305 1608 ut
331 1567 519 1621 piaculum
546 1574 761 1618 conceptum
788 1566 968 1619 expiaret,
995 1566 1184 1620 pollicitus
1209 1575 1277 1616 est,
1313 1566 1475 1606 laetitiae
1501 1582 1542 1607 se
1568 1567 1657 1607 dant
1682 1568 1892 1619 gaudioque
1918 1581 1986 1606 ex-

129 1632 268 1670 sultant
313 1630 391 1669 646
417 1642 499 1678 sqq.
525 1627 604 1666 693
630 1640 734 1678 sqq-3
774 1627 822 1666 iis
848 1629 973 1678 rebus,
998 1642 1091 1680 quas
1117 1628 1267 1667 nuntius
1293 1628 1476 1678 attulerat,
1503 1629 1552 1667 ad
1578 1629 1825 1679 quaerendum
1854 1628 1983 1666 ducem

127 1706 233 1730 suum
259 1689 450 1741 exagitati,
478 1688 576 1726 hunc
601 1701 670 1727 sua
696 1702 804 1727 manu
832 1688 1061 1732 intersectum
1089 1688 1288 1740 reperiunt.
1351 1688 1433 1739 Qui·
1462 1689 1556 1728 sicut
1591 1703 1696 1741 spem
1731 1703 1854 1734 suam,
1891 1689 1982 1736 sore,

127 1760 167 1790 nt
202 1751 301 1789 Aiax
336 1758 561 1794 servaretur,
609 1748 646 1786 in
684 1763 727 1786 eo
766 1749 993 1800 potissimum
1032 1750 1318 1794 collocaverant,
1366 1748 1465 1799 quod
1500 1749 1618 1788 iturus
1654 1759 1751 1788 esset
1795 1749 1843 1787 ad
1880 1748 1981 1794 deos,

128 1825 219 1862 quos
244 1810 471 1861 neglexerat,
509 1809 576 1847 rite
604 1809 777 1848 colendos
824 1813 920 1860 712,
966 1809 1021 1849 sic
1046 1809 1141 1859 iam,
1177 1809 1333 1848 eundem
1361 1809 1513 1849 deorum
1538 1810 1595 1849 ira
1620 1810 1825 1850 consectum
1850 1809 1984 1864 iacere,

127 1872 198 1912 sibi
224 1871 333 1912 facile
359 1870 578 1924 persuadent
616 1871 707 1910 950.
735 1871 826 1911 970.

231 1980 411 2024 Fuerunt,
450 1976 514 2028 qui
542 1975 784 2029 Sophoclem,
821 1975 920 2029 quod
948 1977 1109 2016 fabulam
1137 1976 1233 2015 ultra
1258 1974 1384 2015 Aiacis
1410 1982 1560 2013 mortem
1587 1974 1830 2026 extendisset,
1865 1975 1979 2016 vehe-

126 2049 264 2080 menter
298 2039 560 2091 vituperarent.
645 2038 755 2085 Quod
803 2053 979 2090 perquam
1026 2038 1151 2089 inique
1195 2038 1328 2077 sactum
1375 2050 1458 2075 esse
1501 2035 1593 2075 nihi
1639 2035 1788 2088 quidem
1823 2036 1979 2077 videtur.

125 2103 219 2140 Nam
247 2100 452 2152 Sophocles
477 2113 588 2150 quum
616 2098 686 2138 hoc
711 2097 784 2138 sibi
811 2098 978 2137 videatur
1003 2097 1252 2151 proposuisse,
1290 2107 1343 2148 ut,
1379 2106 1606 2150 quantopere
1631 2097 1797 2137 homines
1822 2098 1978 2148 deceret,

126 2162 165 2201 in
191 2161 360 2201 omnibus
386 2161 497 2199 rebus
529 2160 692 2199 modeste
728 2167 763 2198 et
798 2153 1215 2211 temperanter'versari
1252 2173 1374 2211 neque
1408 2173 1570 2210 unquam
1606 2159 1756 2197 deorum
1792 2158 1977 2211 praesidio

127 2237 215 2263 suas
240 2238 300 2263 res
337 2214 410 2262 non
446 2220 680 2270 committere,
717 2220 875 2266 doceret,
911 2220 1102 2272 postquam
1128 2220 1305 2273 ostendit,
1343 2227 1477 2271 quanto
1513 2218 1626 2258 exitio
1663 2219 1769 2258 Aiaci
1803 2219 1980 2272 superbia

125 2298 194 2325 sua
217 2284 365 2335 suisset,
386 2282 460 2322 iam
486 2281 535 2321 ad
560 2281 821 2335 explicandum
847 2281 981 2336 pergit,
1018 2294 1129 2333 quarn
1164 2274 1365 2321 laetaniae
1399 2294 1600 2334 prosperae
1636 2279 1708 2319 sint
1741 2293 1802 2319 res
1838 2294 1978 2331 eorum,

126 2345 191 2394 qui
224 2360 266 2385 se
300 2355 443 2397 suaque
478 2345 626 2383 deorum
662 2343 815 2383 arbitrio
850 2343 1073 2397 permittant.
1146 2346 1204 2383 Ne
1249 2343 1409 2383 alienum
1446 2342 1596 2393 quiden
1630 2350 1727 2388 erat,
1773 2342 1977 2391 ostendere,

126 2405 525 2456 quantum-interesset
559 2405 654 2446 inter
688 2404 782 2446 iram
817 2404 1017 2457 lto-inum,
1054 2404 1119 2458 qui
1154 2404 1290 2446 iniuria
1323 2403 1429 2444 illata
1464 2413 1528 2444 aut
1563 2402 1658 2444 laesi
1682 2412 1771 2444 sunt
1796 2411 1859 2443 aut
1884 2402 1978 2444 laesi

1574 2475 1601 2515 2
